
@book{ibn_kammuna_examen_2012,
	title = {Examen de la critique des trois religions monothéistes = {Tanqīḥ} al-abḥāţ lil-milal al-ţhalāţ},
	isbn = {978-2-7116-2354-9},
	url = {https://opac.icp.fr/opac/resource/examen-de-la-critique-des-trois-religions-monotheistes-tanqih-alabhat-lilmilal-althalat-par-saab-b-m/ICP0522264},
	language = {français},
	author = {Ibn Kammūna, Saʿd ibn Manṣūr (1215?-1285?)},
	year = {2012},
	annote = {Critique de l’Islam (chapitre 4)

présentation de l’Islam p. 133

Muhammad ibn 'Abd-Allah b. 'Abd al-Mufallib! est le messager de Dieu et le sceau des prophètes. Envoyé à toute l'humanité, il a abrogé toute religion antérieure et sa religion durera jusqu'au jour de la résurrection.
Il a appelé les hommes à croire en Dieu, en ses anges, en ses messagers et en ses Ecritures, à croire que Dieu est un, qu'il n'a pas d'associé, pas d'égal, pas de semblable, pas de compagne et pas d'enfant. Dieu est préexistant, vivant, omniscient, omnipotent, doué de volonté. Il entend, voit, parle. Il a envoyé Moise avec la Torah et Jésus avec les Evangiles. Il a envoyé des prophètes, avant et après Moïse. Mahomet a annoncé, de sa part, que Dieu a ordonné d'accomplir la prière, d'offrir la zakat?, de jeûner à Ramadan? et d'accomplir le pèlerinage à son sanctuaire de la Mecque. Il a aussi ordonné la loyauté dans un contrat, le respect des parents et autres nobles qualités et interdit leurs contraires. Mahomet a promulgué de nombreuses lois concernant les affaires publiques et privées : elles sont contenues dans les ouvrages juridiques des musulmans. Il a annoncé que Dieu ressuscitera ceux qui sont dans la tombe; au jour de la résurrection, il demandera compte aux hommes de leurs croyances et de leurs actions et les rétribuera suivant leur mérite, car « celui qui accomplit une parcelle de bien la verra et celui qui accomplit une parcelle de mal la verra»'. En ce jour, les hommes se partageront en deux groupes: l'un destiné au paradis, l'autre au feu de l'enfer.
Ceux qui entreront au paradis jouiront d'un bonheur éternel et ininterrompu et y trouveront ce que les âmes désirent et qui réjouit les yeux, car y règne un bonheur qu'aucun œil n'a vu, aucune oreille n'a entendu et aucun mortel n'a conçu. Ils y mangeront, y boiront et s'y marieront.
Quant à ceux qui entreront en enfer :
- S'ils avaient reconnu la prophétie de Mahomet et son message : bien qu'ils méritent d'entrer en enfer pour avoir commis un pêché majeur, ils n'y séjourneront pas éternellement, selon l'opinion de la majorité des musulmans que nous connaissons, mais en sortiront pour le paradis, soit après la punition qu'ils méritent, soit par suite de l'intercession et du pardon. Des tenants de cette école de Parce car y règne un bonheur qu'aucun œil n'a vu, aucune oreille n'a entendu et aucun mortel n'a conçu. Ils y mangeront, y boiront et s'y marieront.
Quant à ceux qui entreront en enfer :
- S'ils avaient reconnu la prophétie de Mahomet et son message: bien qu'ils méritent d'entrer en enfer pour avoir commis un pêché majeur, ils n'y séjourneront pas éternellement, selon l'opinion de la majorité des musulmans que nous connaissons, mais en sortiront pour le paradis, soit après la punition qu'ils méritent, soit par suite de l'intercession et du pardon. Des tenants de cette école de pensée admettent même que, du seul fait du pardon et de l'intercession, ils n'iront pas du tout en enfer.
Cependant, certains musulmans jugent impératif leur châtiment éternel.
-S'ils n'avaient pas reconnu la prophétie de Mahomet, soit du fait que son appel ne leur était pas parvenu, soit qu'il leur était parvenu mais sans les inciter à se livrer à la spéculation et à la réflexion - comme s'ils avaient appris qu'un charlatan nommé Mahomet se prétendait prophète, que de nombreuses personnes le suivaient, trompées par ses paroles - eux non plus n'y séjourneront pas éternellement. Si ceux qui ne croient pas n'ont pas commis d'actes impliquant un châtiment, ils bénéficieront d'une pleine miséricorde et n'entreront point en enfer.
Si l'appèl de Mahomet leur était parvenu, les incitant à réfléchir, et qu'ils contestent sa prophétie, non par obstination, mais qu'ayant réfléchi, fait d'intenses efforts et consacré le summum de leurs facultés à l'étude et à la recherche, ils ne reconnaissent pas la validité de cette prophétie, alors, selon l'avis de certains décisionnaires musulmans, ils ne séjourneront pas éternellement en enfer, sauf s'ils le méritent pour une toute autre raison. Et s'ils n'ont pas commis d'actes qui méritent l'enfer, ils n'y entreront pas du tout. D'autres sont d'avis qu'ils y entreront et y séjourneront éternellement et prétendent qu'il y a consensus à ce sujet. Mais cette prétention au consensus n'est pas certaine; même en la supposant fondée, les décisionnaires qui ont discuté des sources de la jurisprudence ont décrété a le consensus n'a valeur d'argument que dans des cas hypothétiques, non des.cas réels.
Si ceux qui contestent la prophétie le font par obstination, négligeant délibérément la réflexion, alors, pour la masse des musulmans, ils séjourneront en enfer éternellement et leur châtiment sera plus sévère que celui des autres personnes. Ne s'opposent sur ce point que des contestataires peu considérés auprès des musulmans.
Les musulmans divergent sur l'essence de Dieu. Certains sont anthropomorphistes, d'autres s'en gardent. Ils divergent également sur les attributs de Dieu, ses actions et ses noms, sur les modalités des prophéties, sur le bien-fondé de la récompense et du châtiment, sur la vraie nature de la foi et de l'islam, sur la question de savoir si les anges sont supérieurs aux prophètes ou si c'est l'inverse, sur les questions concernant l'imamat et sur la jurisprudence. Ces divergences, du fait de leur grand nombre, ne peuvent être recensées et il n'est pas dans notre propos de les exposer.

Preuve


l’inimitabilité du Coran ou l’ JAAZ


15 questions : 


Autre prophète


livre de prédécésseur (cf anectode de Sa’ad qui ajoute Benit soit Dieu, le meilleur des créateurs ! “ Coran 23,14


les copies qu’Uthman a brulé


versets predestination vs libre arbitre


les lettres placées en tete des ourates ne sont pas intelligibles


répétition





intéressant quant à moi, je dis
p. 144
travail de collecteur de Zayd (Buhari III) 
différentes lectures du coran comme 49,6 tabayyanu et tatabbatu.  
les versets sataniques

Cinquieme question : défi : certains arabes étaient peut être en voyage quand Mahomed a lancé son défi et rivalisé avec le Coran. 

13ème question
Quand à moi je dis P155
l’inimitabilité ne vient pas du texte mais le caractère miraculeux résidait dans la déflexion (sharf), c’est à dire le fait que les opposants aient été préivés de la capacité de produire un équivalent, alors que cela était dans leurs possibilités.
[Mais en fait, pas une explication]

 Réponse dans le Kiutab al Ma”âlim de Al Din Al Râzi
p158
Mecque : ville dépourvue de livre.

Deuxième preuve : Mahomet a révélé des choses cachées
p 166  
des Anciens. Mais nous, nous trouvons qu'ils ont récusé beaucoup de ces récits I Ainsi, dans l'histoire de Salomon?, fils de David, ils contestent le fait que celui-ci subjugue le vent et les Djinns, qu'il connaît le langage des oiseaux, converse avec la huppe, l'envoie de sa part à la reine de Saba et que cet oiseau lui rapporte le trône de la reine. Ils contestent aussi la version de sa mort: la « bête de terre » rongeant la canne du roi, les Djinns ne surent qu'il était mort que lorsqu'il s'écroula vraiment à terre; alors les gens se rendirent compte que les Djinns ne connaissaient pas l'inconnu, sinon ils n'auraient pas persévéré dans cet humiliant supplice.
Il en est de même pour l'histoire de Jésus que les juifs n'auraient pas crucifié, ceci leur étant seulement apparu ainsi?, et dont la mère aurait été la fille de 'Imrän et la sœur d'Aaron4.
Même remarque pour l'histoire de 'Uzayr dont les juifs auraient dit qu'il était le fils de Dieu. De même lorsque les juifs disent « la main de Dieu est entravée » et qu'ils l'interpréteraient, soit au sens propre, soit comme voulant dire que Dieu serait avare.
Tout ceci diffère de ce que rapporte la tradition des juifs et des chrétiens.
Ce qu'il y a de plus ignoble, aux yeux des juifs, c'est l'histoire de Salomon, car eux ont rapporté par le détail les mets dont il se nourrissait, ses richesses, le nombre de ses femmes, les étables de ses montures, les années de son règne, la durée de sa vie et nombre de paraboles et proverbes qu'il prononça, ce qu'il édifia dans le pays et ailleurs et de nombreuses choses le concernant. Au demeurant, ils ne fait aucun doute pour eux que cette version n'a aucune réalité. Si elle en avait eu, les juifs l'auraient transmise de préférence à une autre version, d'autant qu'ils avaient à cœur de magnifier le prestige de Salomon qui est l'un de leurs rois et un adepte de leur religion.
Juifs et chrétiens ne doutent pas de la crucifixion de Jésus, fils de Myriam, que leur tradition rapporte comme elle rapporte l'existence de Jésus. Pour les chrétiens, le nom du père de Myriam, mère de Jésus, est Joachim ' et, selon eux, elle n'avait pas de frère?.
Aucune tradition d'origine juive ne dit que *Uzayr était le fils de Dieu? ou que la main de Dieu était entravée, ni au sens propre ni dans le sens d'avarice. Si un juif avait dit cela, les autres l'auraient considéré comme un incroyants' excluant de leur communauté.
Les récits - mentionnés dans le Coran et les traditions - que contestent les gens du Livre sont nombreux et leur examen serait trop long.
Selon les scolastiques, ceux qui ne contestèrent pas les récits du Coran étaient les gens du Livre vivant parmi les Arabes et contemporains de l'envoyé de Dieu. Peut-être que les récits du Coran ne leur étaient pas tous parvenus; ou qu'ils étaient ignorants, comme beaucoup d'Arabes de notre temps; ou que, craignant de les récuser et de les réfuter, ils gardèrent le silence sur ces récits.
Notre rejet de tout cela est basé sur notre refus d'admettre comme fiable la transmission correspondante et il en a déjà été question précédemment.

Troisième preuve : prodiges
Quatrieme preuve : Annonce par les prophètes antérieurs
Coran 17,59
Coran 8, 32-33
Gn 16,12
Dt 18,18-19
Dt 33,2 : Mont Paran dan sle Hedjaz
Sophonie : langue choisie Sop 3,9

Je vous enverrai le Paraclet
cinquieme preuve : perfection de mahomed (parfait et capable de prefectionner autrui : prophètes)


Et moi je dis
180 Au sujet des chrétiens
La doctrine des chrétiens portant sur la Trinité, c'est à dire leur croyance que Dieu constitue le tiers d'un ensemble de trois éléments, est bien connue. Même si cette croyance est courante sur leurs lèvres, ce sont de vrais monothéistes proclamant que Dieu est un et n'a pas d'associé.
Leur croyance en la Trinité et en même temps à l'unité de la substance s'apparente à la croyance de certains musulmans qui postulent des attributs éternels supplémentaires à Dieu, en même temps que l'unité de sa substance (Dieu est bien au-dessus de ces notions !). Les chrétiens interprètent leur dogme de l'incarnation et de l'union d'une manière qui en exclut tout caractère d'erreur et d'ignorance, comme les musulmans le font pour les expressions d'anthropomorphisme. Sur ce point, ces derniers n'ont pas l'avantage sur les premiers. Dire des chrétiens qu'ils ont falsifié l'Evangile est une chose qu'ils n'admettent pas et cette accusation est dénuée de preuve.


6eme preuve : combinaison de tous ces attributs chez Mahomed

},
	annote = {Critique du Christianisme


p 112 et ss presentation du Christianisme

Rappel de la croyance des chrétiens en le Seigneur Jésus Christ, qui est Jésus fils de Marie; le message qu'il a apporté; comment il est, selon eux, à la fois prophète et divinité; les opinions à ce sujet et les réponses correspondantes
 
Nous croyons à tout ce qui est mentionné dans la Torah et dans les chroniques des enfants d'Israël, chroniques dont l'authenticité est irréfutable car elles sont bien connues et ont été propagées auprès de foules considérables. Nous croyons qu'au terme échu pour la mission des enfants d'Israël, la divinité s'est incarnée sous forme d'un embryon dans le ventre d'une vierge, d'entre les plus nobles femmes israélites, issue de la descendance de David. Elle donna naissance à un être d'apparence humaine et d'essence divine, qui fut envoyé à la fois comme prophète pour ce qui est de l'aspect extérieur et comme divinité pour ce qui est de l'essence. Il est donc totalement homme et totalement divinité. C'est le Christ, appelé par eux fils de Dieu. Dieu est le Père, le Fils et le Saint Esprit.
Ils affirment:
Nous sommes de vrais monothéistes, bien que nos langues proclament la Trinité. Nous croyons en Dieu et à son séjour chez les enfants d'Israël.
Dieu leur rendit cet honneur du fait que le divin ne cessa de s'attacher à eux, jusqu'à ce que la masse de ce peuple se révoltât contre notre Messie et le crucifiât. Alors, la colère de Dieu envers cette multitude ne connût de cesse et sa grâce se porta sur le petit nombre d'adeptes du Christ - parmi lesquelles ce dernier distingua 12 personnes, à l'instar du nombre des tribus d'Israël. Plus tard, cette grâce s'étendit aux nations païennes ralliées à ces quelques adeptes. Nous appartenons (spirituellement) aux enfants d'Israël bien que n'étant pas de leur descendance. C'est indiscutablement nous qui sommes les plus dignes d'être appelés enfants d'Israël, parce que nous suivons le Christ et ses apôtres.
Ces premiers adeptes furent suivis par de très nombreux autres qui devinrent le levain de la communauté des chrétiens et méritèrent le statut d'enfants d'Israël. Les chrétiens triomphèrent et se répandirent dans de nombreuses contrées et chez de nombreux peuples. Ils attirèrent les gens au christianisme et les incitèrent à le pratiquer en exaltant le Christ et sa croix et en suivant ses commandements, les recommandations des apôtres, ses disciples, aussi bien que les lois issues de la Torah. De cette dernière les chrétiens disent: nous la lisons et sa vérité et son origine divine sont incontestables I Ceux qui eurent foi dans cet appel s'y conformèrent docilement, volontairement et par libre choix, sans y être poussés par l'épée ou la contrainte.
Les chrétiens s'accordèrent sur cette profession de foi, après la tenue d'un concile de 318 personnes, à l'époque de l'empereur Constantin. La résolution adoptée fut la suivante:
 Nous croyons :
En Un Dieu, le Père, Tout-puissant, créateur des cieux, de la terre e toutes choses visibles et invisibles.
Et en un Seigneur Jésus Christ, unique fils de Dieu, premier né de toutes les créatures, engendré et non créé par son Père avant tous les univers, lumière de lumière, vrai Dieu d'un vrai Dieu, issu de la substance de son Père, par qui les univers furent érigés et toute chose fut créée. Pour nous l'assemblée des hommes et pour notre salut, il est descendu du ciel, a pris chair par l'Esprit Saint et s'est fait homme, porté et enfanté de la Vierge Marie. Il souffrit et fût crucifié à l'époque de Ponce Pilate, fût enterré et ressuscita le troisième jour, comme il est écrit. Puis il est monté au ciel et est assis à la droite de son Père. Il est appelé à venir juger les morts et les vivants.
En un Esprit Saint, esprit de vérité procédant du Père, esprit pourvoyeur de vie.
Et en une Eglise, sainte, apostolique et catholique.
Nous croyons en un baptême pour le pardon des pêchés, en la résurrection de nos corps et en la vie éternelle '.
Ainsi s'achève cette résolution.
 
Je n'ai pas trouvé de désaccord entre Jacobites et Nestoriens sur cette résolution, si ce n'est que, dans la version que j'ai obtenue des Jacobites, je n'ai pas retrouvé l'expression: « par qui les univers furent érigés et toute chose fut créée »; et à la place de « comme il est écrit », j'ai trouvé « comme Il le voulut ». On y trouve des compléments qui ne contredisent pas cette profession de foi.
Tous deux sont d'accord sur le fait:
-que l'hypostase2 du Père est l'Essence, -que l'hypostase du Fils est le Verbe -qui est la Connaissance - continuellement engendré par le Père, non au moyen de la procréation mais à la manière dont la lumière du soleil naît du soleil, -que l'hypostase du Saint Esprit est la Vie qui émane continuellement du Père.
Tous deux s'accordent aussi sur l'union du Verbe avec le Seigneur Jésus Christ. Mais ils sont en désaccord sur le concept de cette union.
Les Jacobites I affirment qu'union signifie fusion et mélange d'où surgit un troisième élément, à la manière dont la fusion du feu avec le charbon produit la braise qui n'est ni feu pur ni charbon pur. Ils considèrent cela comme un composé par liaison, bien que relevant du corporel et du spirituel, comme il en est de l'âme abstraite avec le corps, chacun des deux étant lié à l'autre pour devenir une personne unique. Ils disent que le Christ est une essence issue de deux essences et une hypostase issue de deux hypostases.
Les Nestoriens? affirment que l'union signifie que le Verbe a fait de Jésus sa demeure et son siège, l'enrobant à la manière d'une plaque?. Ils disent aussi que le Christ est deux substances, deux hypostases.
Certains d'entre eux disent que l'union réalisée en lui est comme celle entre le cachet d'un sceau et la cire ou entre l'image d'un visage et le miroir, sans transfert du cachet dans la cire ou du visage dans le miroir.
D'autres disent que l'union entre le Verbe et lui signifie que le Verbe s'est manifesté et a été porté par lui.
Quant aux Melkites4, ils enseignent que le Christ est deux substances mais une hypostase, car c'est en l'homme universel que l'union s'estproduite, non en un homme particulier. Par hypostase, on entend une personne (de la Trinité).
Tous les chrétiens croient à la résurrection des corps, à la récompense dans le jardin d'Eden qu'ils appellent paradis et au châtiment en enfer.
Mais ils professent une récompense et un châtiment uniquement spirituels et non corporels. Ils disent que les vertueux seront pareils à des anges au royaume des cieux ou au royaume de Dieu. Ils croient en l'immortalité de l'âme humaine après la destruction du corps par la mort.
Ils affirment, tous sans exception, que leur religion, fondée par Jésus Christ et ses apôtres, ne sera pas abrogée jusqu'au jour de la résurrection. Ils le savent par tradition remontant aux apôtres qui, d'eux-mêmes, en eurent connaissance comme d'une indubitable évidence.
Les chrétiens ont rapporté dans les quatre évangiles, celles de Mathieu, Marc, Luc et Jean, de nombreux miracles accomplis par le Christ, entre autres le retour à la vie de trois morts : l'un avant sa mise en cercueil, l'autre déià en cercueil et avant son enterrement, le troisième quatre jours après son enterrement !. C'est Jean qui dans son évangile mentionne la résurrection du troisième; dans certains évangiles, seuls un ou deux des trois miracles sont mentionnés, l'évangile de Jean étant la seule à mentionner la résurrection du mort déjà enterré. Ceci mis à part, les évangiles s'accordent sur la résurrection de l'homme non encore en cercueil, sur la guérison du paralytique et du lépreux, le changement de l'eau en vin, l'alimentation de 5.000 hommes (femmes et enfants non compris) assurée à satiété avec avec deux poissons et cinq miches de pain, l'expulsion de démons hors d'êtres humains, la guérison de nombreuses maladies, la marche sur l'eau et autres miracles du Christ2, Entre les quatre évangiles, il existe de nombreuses contradictions que les érudits chrétiens ont eu du mal à concilier.
Les évangiles renferment de nombreuses paraboles et des sermons. Ils exhortent aux plus nobles qualités morales; par exemple : Si vous rétribuez les péchés par les péchés, alors nulle récompense pour vous auprès de votre Père qui est au ciel ou encore : Si vous pardonnez aux hommes leurs péchés, votre Père qui est au ciel vous pardonnera vos péchés; mais si vous ne pardonnez pas, il ne vous pardonnera pas.
ou ont dit que Dieu créa le Fils et lui confia la création du monde; tandis que les autres disent que le Christ, comme indiqué dans la profession de foi commune, a été engendré de son Père avant la création de tous les univers et non créé. Ils ont tenu de nombreux conciles pour aplanir leurs différends et lors de ces conciles, des opposants furent excommuniés, ce qui provoqua de sérieuses effusions de sang parmi eux. On le sait d'après leurs livres d'histoire.
Des changements dans les préceptes de la Torah, comme l'autorisation de la viande de porc, l'abandon de la circoncision et de l'ablution des mains, sont rapportés à propos des apôtres mais non de Jésus Christ.
Jusqu'à sa capture par les juifs, celui-ci ne cessa d'adhérer aux préceptes de la Torah. Il exhortait à s'y conformer, en disant: « Je ne suis pas venu pour l'abroger»!.
Lorsque les juifs le blâmèrent pour avoir, pensaient-ils, négligé certains préceptes de la Torah, il leur expliqua que ce n'était pas de la négligence et justifia ce point auprès d'eux en accord avec leur jurisprudence et leur loi, comme mentionné dans l'Evangile?. Ses disciples continuèrent pendant longtemps à suivre la Torah avant de s'y opposer et de proclamer qu'elle était abrogée et que son respect n'était contraignant que jusqu(à l'avènement du Christ. L'essentiel de ces changements est du à l'opinion de l'apôtre Paul3.
 
 
 Critique
117
 
* soit toutes deux existantes,
* soit toutes deux inexistantes,
* soit l'une existante et l'autre inexistante.
-Si les deux existent, il n'y a pas d'union car elles sont deux et pas un.
-Si les deux sont inexistantes, elles ne deviennent pas un, mais un troisième élément apparaît, également inexistant.
-Si l'une est inexistante et que l'autre subsiste, alors il est clair qu'il n'y a pas union.
Si l'union a le sens de mélange, mixture ou composition et si le Père et le Fils sont deux substances séparées, de sorte que le Fils seul, sans le Père, s'unit avec le Christ, avec le sens qui vient d'être dit, alors le dogme monothéiste est contredit.
Si le Fils est un attribut, on ne peut comprendre à propos d'une essence connaissante que son étant connaissant se mélange à un corps dépourvu de cette essence. Exactement comme il échapperait à l'entendement que Zayd soit à Bagdad tandis que son étant connaissant serait au Khurasan. En outre, Dieu étant omniscient, cela impliquerait que son omniscience se trouve simultanément chez Lui et chez le Christ, de sorte qu'un seul attribut aurait deux porteurs au même moment, ce qui est absurde.
Si Dieu n'était pas connaissant au moment de l'union, alors son étant connaissant serait une assertion vaine et il lui faudrait un spécificateur ad hoc (pour le doter de connaissance), ce qui proscrirait sa divinité.
La croyance en une fusion est fausse parce que la fusion ne se conçoit que pour des corps, alors que, pour les chrétiens, le Verbe n'est pas un corps. S'ils disent que la fusion est une composition par liaison- à l'instar d'un homme constitué d'une âme et d'un corps - alors, la connexion de Tondes composants avec l'autre n est un corps - alors. la connexion de
 
 
 
 
„ Fils est analogue à celle du Père avec un plus. c Voulez vous dire que le Créateur est une substance unique et trois ypostases, en ce sens qu'il est une essence connaissante et vivante ou une sence qui se perçoit elle-même, son essence étant un objet de connais. ance pour elle-même? à l'instar de Yahya b. 'Adi' qui, rapporte-t-on, a aterprété la Trinité ainsi : le Père, c'est l'intellect pur de Dieu; le Fils, c'est Dieu en tant que possédant l'intelligence de Son essence; et le Saint Esprit, 'est Son essence en tant qu'intelligible pour Lui. Mais alors cette assertion ontredit votre profession de foi commune qui confirme que le Fils est une ssence différente de celle du Père ou que c'est l'essence du Fils qui est lescendue puis montée, non celle du Père.
On dira aux Jacobites que, si chacune des deux substances, la divine et " humaine, sont inséparables, leur croyance que le Christ est une substance le deux substances et une hypostase de deux hypostases - substance divine et substance humaine - est la même que celle des Nestoriens. Si chacune les deux substances exclut l'autre, les Jacobites concéderaient ainsi119 exclure la divinité, impliquant que le Christ n'est ni préexistant ni créé, ni divinité ni non divinité, étant donné que chacune des deux substances s'est soustraite à l'autre. De plus, il est évident que l'humain dans le Christ est identique à l'humain chez quiconque et le divin en lui ne l'infirme pas.
L'opinion contraire est inadmissible parce que c'est le divin qui influe sur l'humain, l'humain ne pouvant influer sur le divin.
On dira aux Nestoriens - qui soutiennent le concept de deux substances et deux hypostases -: si tous deux sont préexistants, alors vous postulez un quatrième préexistant qui est l'humanité du Christ, et s'ils sont créés (dans le temps), alors vous concédez la création du Fils que vous prétendez éternel et vous adorez un non-Dieu, en adorant le Christ qui, selon ce point de vue, est deux substances créées dans le temps. Si l'une des deux substances est préexistante et l'autre créée, alors vous adorez le préexistant et le créé
- car le Christ que vous adorez est le total des deux et le total du préexistant et du créé, dans la mesure où c'est un total, est créé - ce qui revient à adorer le créé qui, en tant que tel, ne mérite pas adoration. L'adoration doit être réservée au préexistant et le créé ne saurait y donner accès. Si vous empêchez l'accès à l'adoration du créé, vous n'adorez pas le total et il serait alors établi que le Christ qui, lui, est le total des deux choses ne mérite pas adoration, ce qui contredit votre croyance.
On dira aux Melkites, qui professent que le Christ est deux substances et une hypostase et que l'union s'est produite en l'homme universel et non chez un homme particulier, que ceci est faux parce que tous les hommes participent de l'homme universel et si le Verbe s'est uni à lui, il s'ensuit qu'aucun homme, à l'exclusion des autres, n'a été spécialement distingué par cette union. Ainsi, de même qu'il n'est pas deux hypostases, il n'est pas non plus deux substances.
Toutes vos doctrines sont donc erronées.
Envoyé de mon iPhone

Crique p. 116



Critique 1 : comprehension des hypothases


hyposthases indépendantes ? alors pas monothéistes.


Si hypothases comme attributs, alors pourquoi pas 4 ?


Union : on peut unir deux existants, deux inexistants, un existant et un non existants. puis logique.




Critique 2 : Dieu dans la souillure menstruelle, la crucifixion,… indigne de Dieu


Critique 3 : l’absence de géniteur : Adam et Eve plus parfait. Elie.  Anges.


Critique 4 : sens du baptême du Christ ? souillure préalable ? et autres textes???




N’ayant pas trouvé la plupart de ces réponses dans les discussions des chrétiens, je les ai fournies à leur place, afin de parachever ainsi l’examen de leur doctrine.
P131
},
	annote = {Critique pour le judaisme (Chapitre 2)

“Dieu envoya Moise et Aaron en dépit de leur faiblesse” 76
Tout miracle accompli par un prophète postérieur à Moise, adapte de sa religion et s’en réclamant -, est comme un miracle de Moise 77
 


rupture de Nabuchodonosor : ce n’est pas la même religion


livre faire taire les juifs, ifhaam, principale référence utilisées (bcp de juifs partout avant nabuchodonosor)




pas une transmission parfaite de la Torah (car orale)


Anthopomorphisme de la Torah (l’homme créé à l’image de Dieu, repentance,…).


des invraisemblances dans la Torah (Adam,…)


réponse : ce qui est invraisemblable à une époque ne l’est pas à une autre




jugement futur : pas de précision dans la bible. Du coup, entraine les juifs à ne pas avoir peur du jugement


rejet des miracles du  zoroastre. Mais en fait attaque de “logique” sur la chaine de transmission des miracles de moise


abrogation de la Loi juive


 
},
	annote = {Prophète



Ibn Kammuna commence d’abord par ce que sont les prophètes et les saints. C’est finalement sa grille d’analyse ?
QUOTE
Je mentionnerai dix degrés de prophétie :


Premier degré: en rêve, le prophète, dans les conditions de prophétie décrites plus haut, voit une parabole dont la signification et l'objectif lui sont révélés.
Deuxième degré: en rêve, il entend un discours explicite et clair, sans voir le locuteur.
Troisième degré: en rêve, un être humain lui parle comme précédemment.
Quatrième degré: en rêve, un ange lui parle.
Cinquième degré: en rêve, il voit, en apparence, Dieu s'adresser à lui.
Sixième degré: éveillé, une révélation sous forme de parabole lui parvient.
Septième degré : éveillé, il entend un discours.
Huitième degré: éveillé, il voit apparemment un homme s'adresser à lui.
Neuvième degré: éveillé, il voit un ange s'adresser à lui.
Dixième degré: éveillé, il voit Dieu s'adresser à lui!.
Telles sont les classes de prophétie qui ont été rapportées?.
Un prophète3 peut avoir une révélation d'un certain degré, puis à un autre moment une révélation d'un autre degré, supérieur ou inférieur. Il peut n'atteindre son degré le plus élevé qu'une fois dans sa vie ou n'atteindre le niveau minimal de la prophétie qu'une seule fois dans sa vie. La prophétie peut même lui être retirée; il la regrette alors et languit son retour. La révélation peut lui venir dans des conditions impressionnantes : il entend, par exemple, des paroles semblables à un puissant tonnerre ou bien voit une ou plusieurs images épouvantables et terrifiantes. Les cas particuliers de tels phénomènes sont quasi illimités. Des exemples de chacun d'eux sont rapportés à propos des prophètes d'Israël. Nous les trouvons dans leurs livres de prophéties.
Les miracles sont l'un des signes d'authenticité des prétendants à la prophétie !.
Par miracle on entend ce que les êtres humains sont incapables de faire ou de maîtriser, par manque de puissance, de savoir ou de moyens. Pour la plupart des légistes, c'est le miracle qui constitue la preuve de l'authenticité l'un prophète se revendiquant comme tel.Fusicas condations sont supulees pour que le miracle soit bien prouvé.
Il faut:
-que les autres hommes ne puissent accomplir l'acte considéré ou un acte approchant, -que cet acte soit en contradiction avec le cours naturel des choses, -qu'il se produise en période de taklif?, -qu'il ait lieu au moment où le prophète revendique la prophétie.
-qu'il relève de l'action de Dieu ou de son commandement et de son soutien.
1. Nous avons pris en compte la remarque de G. Vajda: « le traducteur s'est mépris sur le sens de ce passage qui revient à dire ceci : le miracle qui confirme la véracité du prophète doit être produit au temps où la loi divine est légitimement imposée à l'homme (taklif) et non au temps eschatologique marqué par la rupture de l'ordre des choses, ces évènements stupé. fiants n'ayant rien à voir avec l'authenticité de la prétention à la prophétie. La leçon asrat, éléguée en apparat, est la seule bonne. Asrat al-sa'a est le terme technique musulman pour lésigner les bouleversements qui accompagnent la fin des temps. » REJ, 1974 (tome 133); anvier-juin 1974: fascicule 1-2, p. 272-275: compte-rendu (en anglais) de la traduction nglaise du Tangih d'Ibn Kammüna par Moshe Perlmann (Examination).
ISBN
978-2-7116-2354-9è
 
Envoyé de mon iPhone
},
}

@incollection{lejbowicz_y_2005,
	address = {Turnhout},
	title = {Y a-t-il eu au {Moyen} Âge un dialogue entre l’islam et le christianisme?},
	volume = {5},
	isbn = {978-2-503-51803-9 978-2-503-53840-2},
	url = {https://www.brepolsonline.net/doi/10.1484/M.RME-EB.3.983},
	language = {en},
	urldate = {2023-01-19},
	booktitle = {Les relations culturelles entre chrétiens et musulmans au {Moyen} {Age}},
	publisher = {Brepols Publishers},
	author = {Brague, Rémi},
	editor = {Lejbowicz, Max},
	month = jan,
	year = {2005},
	doi = {10.1484/M.RME-EB.3.983},
	note = {Series Title: Rencontres médiévales européennes},
	pages = {15--30},
}

@book{tolan_nouvelle_2022,
	address = {Paris},
	title = {Nouvelle histoire de l'islam: {VIIe}-{XXIe} siècle},
	isbn = {979-10-210-4977-2},
	shorttitle = {Nouvelle histoire de l'islam},
	abstract = {"Qu'est-ce qu'être musulman au XXIe siècle? Pour certains, l'essence de l'islam serait la charia, loi qui dicte le comportement rituel et social, révélée par Dieu au Prophète et à la première communauté de fidèles. Pour d'autres, l'islam serait une spiritualité ouverte sur le monde, célébrant la diversité de l'humanité et la paix. De telles divergences ne sont pas nouvelles. Avec cet ouvrage, John Tolan raconte comment ce dernier-né des trois grands monothéismes s'est développé, non pas en autarcie mais en contact avec les traditions religieuses juives et chrétiennes, dans un mélange de cultures arabe, grecque, perse... Il analyse les fondements et les mutations de l'islam. Cette histoire longue nous montre que les fractures au sein d'un monde musulman tantôt ouvert, tantôt rigoriste, sont autant de défis posés à la possibilité d'une entente entre Orient et Occident."--Page 4 of cover},
	publisher = {Tallandier},
	author = {Tolan, John Victor},
	year = {2022},
	keywords = {History, Islam},
	annote = {Qu'est-ce que l'islam? La question peut paraître saugrenue car chacun pense savoir de quoi il s'agit. L'islam est une religion. Une religion avec un texte sacré, le Coran, qui aurait été révélé au prophète Muhammad. De cette révéla-tion, et des faits et dires du Prophète (réunis dans le corpus des hadiths ou traditions), découle une religion avec ses doctrines, ses rites, sa loi (charia), ses croyances. Mais dès qu'on y regarde de plus près, les choses se compliquent car des milliards de musulmans, depuis l'époque du Prophète jusqu'à la nôtre, ont des conceptions très différentes de l'islam. Il y a bien entendu la division entre sunnites et chiites, fondée sur des conflits surgis peu après la mort de Muhammad. Il y a une pluralité d'opinions de juristes, de théologiens, de mystiques et d'autres encore sur ce qui est l'essentiel dans les croyances et pratiques. L'islam vécu et pratiqué des premiers califes n'est pas le même que celui des jurisconsultes du Bagdad abbasside, des maîtres soufis de l'époque ottomane, des réformateurs du mouvement Nahda au xix° siècle, des ayatollahs de la révolution iranienne ou des islamo-féministes du xxi° siècle. L'islam est une religion marquée par une grande diversité de pratiques et de croyances, une religion qui a essaimé sur un énorme territoire comprenant des centaines de langues et de cultures.
L'Islam est aussi une culture et une civilisation. En fran-çais, comme dans d'autres langues européennes, on distingue
 
bien en général la religion (christianisme, bouddhisme, hin-douisme) des aires culturelles ou civilisationnelles (Occident, Byzance, Inde, etc.). Mais pour l'islam, un terme unique désigne à la fois une civilisation et une religion. L'islam en tant que religion est présent bien entendu en Inde, en Chine, en Afrique et en Occident : l'umma (communauté des croyants) est planétaire. En même temps, un grand nombre de membres de la civilisation de l'Islam ne sont pas musulmans mais chrétiens, zoroastriens, hindous, juifs, etc. Quand on parle d'art islamique, d'architecture islamique, de pen-ste ou de littérature islamique, on désigne des choses qui peuvent être sans lien direct avec la religion musulmane.
En français il arrive que l'on distingue entre islam comme religion (avec i minuscule) et Islam comme civilisation avec i majuscule) : distinction en théorie utile mais en pratique souvent problématique, tant les deux notions sont enchevé-trées. Je ne suivrai donc pas cette convention.
 
Intro 15
 
 
 
 
musulmane. Elle amena Muhammad chez son cousin, un chrétien nommé Waraqa, qui écouta attentivement le récit du nouveau prophète. C'est le même message qu'avait reçu Moise, affirma-t-il. La communauté musulmane était née.
Mais Waraga le mit sur ses gardes : tout comme les autres prophètes avant lui, Muhammad provoquerait l'hostilité de son peuple, qui finirait par l'expulser.
 
Coran et hadiths
Ce récit se trouve dans le Sahih Muslim, un des prin. cipaux recueils de hadiths, ou traditions prophétiques.
L'érudit Muslim ibn al-Hajjaj composa ce recueil au milieu du ix siècle. Son œuvre fait partie de la foisonnante activité intellectuelle de l'époque abbasside (voir chap. III). Il cite ses sources, qui sont surtout orales : chaque hadith est précédé d'un isnad, une chaîne de transmission qui en garantirait l'authenticité. Dans le cas de ce hadith, le Prophète aurait relaté cet incident à sa femme Aïcha, qui l'aurait raconté à un certain Urwa ibn al-Zubayr, qui le raconta à Muhammad bin Muslim, qui le narra à Agil bin Khalid bin Aqil, puis à al-Laith bin Sad, qui enfin le relata à Abdullah bin Yusuf
al-Tunaysi, la source directe de Muslim ibn al-Hajjaj, qui la coucha sur papier. Une chaîne de sept intermédiaires entre le Prophète et le compilateur, sur environ deux siècles.
Cette chaîne de transmission nous montre la vitalité de la tradition orale dans les sociétés arabes des deux premiers siècles de l'islam. La mémoire vive de Muhammad et de ses compagnons fut préservée et transmise par son entourage, puis par des générations de fidèles. La véracité serait garantie par la fidélité de la transmission et par la probité des témoins. Certes, Muslim ibn al-Hajjaj et d'autres
érudits contemporains qui fondament va a al.hdith (science
de la tradition) reconnurent la difficulté de la tâche : parmi des milliers de récits qui circulaient, comment distinguer entre ceux qui étaient fiables et les autres, qui l'étaient bien moins? Étroitement liée aux hadiths, la Sirat rasul Allah (ou « Vie du messager de Dieu ») constitue l'autre grande source sur la vie du Prophète. Composée à l'origine par Ibn Ishaq (704-767), elle ne subsiste que dans une version remaniée par Ibn Hisham (mort en 833, deux siècles après le Prophète). Si ces sources peuvent bien conserver des éléments correspondant à l'époque de Muhammad, d'autres éléments ont clairement été ajoutés après, comme le reconnaissaient déjà les érudits abbassides.
Comment pouvons-nous comprendre qui était Muhammad et à quoi ressemblait la première communauté des fidèles ?
 
Le Coran raconte l'histoire d'Abraham, qui une nuit vit une étoile et dit : « Voici mon seigneur (rahb) ! » Mais quand l'étoile disparut, il dit : « Je n'aime pas ceux qui disparaissent » (Q 6 : 76). Ensuite il perçut la Lune et la prit pour son seigneur jusqu'au moment où se leva le Soleil, à qui il offrit son allégeance. Mais quand le Soleil se coucha à son tour, Abraham proclama : « Ô mon peuple ! Je désavoue ce que vous associez à Dieu. Je tourne mon visage, comme un vrai croyant, vers Celui qui a créé les cieux et la terre.
Je ne suis pas au nombre des polythéistes (mushrikun) »
(Q6 : 78-79). Abraham demande à son père et à son peuple pourquoi ils adorent des idoles; ils répondent qu'ils suivent la tradition de leurs ancêtres et qu'ils refusent de les aban-donner. La nuit, Abraham détruit les idoles. Outrés, les ido-latres décident de brûler Abraham, mais Dieu ordonne :
«O feu ! Sois, pour Abraham, fraîcheur et paix (salam) ! »
(Q 21 : 69). Dieu donne à Abraham un fils, et ensuite il le met à l'épreuve en lui demandant de sacrifier ce fils (Q 37 : 100-111). Le Coran ne donne pas le nom de ce fils : est-ce Isaac, comme dans Genèse 22, d'autant plus qu'il est mentionné juste après dans le Coran ? Ou serait-ce plutôt Ismaël ? La majorité des exégètes des premiers siècles d'islam considéraient qu'il s'agissait d'Isaac, mais depuis le ×° siècle et jusqu'à nos jours la majorité penche vers l'identification avec Ismaël.
Abraham est une figure centrale du Coran, sujet de 245 versets dans 25 sourates : seul Moise est mentionné plus souvent. Loin de donner un récit définitif de sa vie, le Coran y revient sans cesse, donnant chaque fois des bribes et des compléments à des histoires que ses auditeurs devaient déjà connaître. Et le Dieu du Coran de dire à Muhammad :
« On s'est moqué de messagers venus avant toi; mais les
railleurs ont été et dessagers venas avan ce dont ils se
moquaient » (0 21 . 41) Donc d chose fr:
histoire prophétique (sur Noé, Moise, ou ici Abraham) sert de grille de lecture pour expliquer à Muhammad et à ceux qui l'écoutent que l'opposition que rencontre Muhammad est habituelle, et que Dieu est bel et bien de son côté.
Abraham serait le prophète coranique prototype : un modèle pour Muhammad. Encore faut-il savoir si Muhammad se comporte selon l'exemple d'Abraham ou si le Coran présente Abraham de façon à coller au modèle de Muhammad : sans doute un peu des deux. Le Coran utilise huit fois le terme hanif pour qualifier Abraham, mot qu'il faut sans doute comprendre comme « fidèle à Dieu ». La seule autre personne identifiée comme hanif est Muhammad, ce qui montre encore le lien étroit que le Coran établit entre les deux prophètes. Abraham, briseur d'idoles, fonde une communauté religieuse, la millat Ibrahim (mentionnée huit fois dans le Coran). L'identification avec Abraham établit Muhammad comme nouveau briseur d'idoles à son image.
Il permet au Coran aussi de se positionner par rapport aux autres héritiers présumés d'Abraham, les juifs et les chrétiens.
 
Ô gens du Livre, pourquoi vous disputez-vous au sujet d'Abraham, alors que la Torah et l'Évangile n'ont été révélés qu'après lui? Ne comprenez-vous pas? [...] Abraham n'était ni juif ni chrétien, mais il était un vrai croyant soumis à Dieu (hanif muslim); il n'était pas au nombre des polythéistes
[Q 3 : 65-67].
 
Ces histoires posent la question du rapport entre le Coran et les traditions juives et chrétiennes, bibliques et postbibliques. Certains éléments de l'histoire d'Abraham reprennent ceux de la Genèse. D'autres correspondent à des traditions juives postbibliques, ce qui mena des érudits, tel Abraham Geiger au xixe siècle, à parler d'emprunts ou
 
d'influences juives dans le texte coranique. Mais certaines de ces traditions juives postdatent le Coran : plutôt que de savoir qui emprunte à qui, on peut constater que ces traditions naissent dans un même milieu exégétique qui dépasse les barrières confessionnelles.
Jésus est aussi un des principaux prophètes du Coran.
Dieu lui a révélé al-Injil (l'Évangile, toujours au singulier dans le Coran), tout comme il avait révélé la Torah à Moise.
On trouve, encore une fois dispersée dans différentes sou-rates, l'histoire de Marie et de son fils. Enceinte 19 mars de Marie consacre son enfant
 
P 22
 
 
Les versets sataniques
Revenons à La Mecque et à Muhammad. Nous avons vu que les sourates mecquoises placent Muhammad en prophète envoyé à son peuple pour affirmer l'unité de Dieu et exhorter les siens à sceller un pacte avec lui, pacte marqué par leur adoration de lui seul et par la solidarité sociale.
Ces sourates révèlent aussi l'opposition d'une partie impor tante de la tribu des Quraysh à son message. Elles rapportent leurs critiques, leurs moqueries, leurs accusations, leurs défis lancés au Prophète de produire des miracles.
On accuse Muhammad d'être un sorcier (Q 10 : 1) ou un poste (Q 37 : 36). Pour toute réponse, Dieu commande à Muhammad de leur montrer les « signes clairs » de la puissance et la bienfaisance divines.
 
Ce serait pendant la cinquième année de sa mission prophétique que se produisit ce que la tradition musulmane appelle «l'histoire des grues », que des orientalistes européens ont appelé l'incident des « versets sataniques ». Comme pour tout incident dans la vie du Prophète, des versions différentes existent. Selon l'historien Tabari, Muhammad révélait aux Mecquois la sourate de l'étoile (Q 53) et, lorsqu'il arriva au verset 19, « Avez-vous considéré al-Lat et al-Uzza, et l'autre, Manat, la troisième », Iblis lui aurait sifflé à l'oreille : « Ces idoles sont d'illustres divinités, dont l'intercession doit être espérée. » Muhammad, pensant que ces versets venaient de Dieu, les aurait transmis. Les idolâtres furent ravis par cette reconnaissance et se prosternèrent à la fin de la révélation aux côtés des musulmans. Ce ne fut que bien plus tard que Gabriel vint à Muhammad pour lui dire que ces versets venaient du diable, non de Dieu, et qu'il fallait les remplacer par les versets suivants : « Ce ne sont vraiment que des noms que vous et vos pères leur avez attribués. Dieu ne leur a accordé aucun pouvoir. » Pour Tabari, Muhammad put être trompé par le diable parce qu'il souhaitait rallier les Mecquois à son message, mais ensuite il y renonça.
 
P 28
 
 
 
La bataille s'acharnait autour du chameau d'Aïcha. La veuve du Prophète haranguait ses troupes. Des soldats qui tenaient les rênes du chameau moururent sous ses yeux; le palanquin qui l'abritait était criblé de flèches. Les troupes d'Ali finirent par couper les jarrets du chameau qui s'écroula et Aïcha se rendit. Cette bataille du chameau eut lieu à Bassora, en Irak, le 7 novembre 656, au sein de la première fitna ou guerre civile qui divisa la jeune communauté des croyants, vingt-quatre ans après la mort du Prophète. C'est l'un des épisodes d'une série de conflits qui fracturèrent le nouvel empire, où des prétendants au pouvoir affirmaient tant bien que mal leur pouvoir sur des territoires conquis et tentaient de se présenter comme les héritiers légitimes du prophète Muhammad et les défenseurs d'une orthodoxie religieuse en construction.
Les divisions s'annonçaient dès le vivant du Prophète, en dépit de l'unité retrouvée après la soumission de La Mecque en 630. À la mort du Prophète en 632, des tensions étaient manifestes entre les différentes factions que celui-ci avait réussi à réconcilier : les Mecquois, divisés entre les muha-jirun (émigrés qui s'étaient rendus de La Mecque à Médine
P 44
 
 
C'est dans ce contexte de divisions et de contestations que Muawiya affirma son pouvoir et sa légitimité. Il s'appuyait sur son clan omeyyade, sur d'autres éléments mecquois et médinois et sur des alliances avec les élites locales et les milices tribales. Les structures étatiques byzantines de Syrie et d'Égypte continuaient à fonctionner, à rendre la justice, à collecter les impôts, à frapper des monnaies, avec Muawija et l'élite militaire omeyyade à leur tête. Ce n'est que progressivement que les Omeyyades s'approprièrent ces structures et les transformèrent. À Damas, par exemple, Mansur ibn Sarjun, gouverneur de Damas pour l'Empire byzantin, négocia la reddition de la ville aux troupes d'Umar et garda ses fonctions à la tête de l'administration de la ville sous les premiers califes, où lui succéda son fils Sarjun ibn Mansur « al-Rumi » (le « Romain », c'est-à-dire Grec byzantin) qui, selon Tabari (Q 18 : 216) aurait servi de secrétaire au calife et qui vraisemblablement fut à la tête de l'administration grécophone de la Syrie omeyyade. La Syrie de Muawiya était donc en quelque sorte une province byzantine séparée de son empire, une terre habitée en majorité par des chrétiens divisés entre différentes églises, avec une minorité juive non negligeable, où on parlait de nombreuses langues, dont le grec, le syriaque et l'arabe.
Une inscription sur un barrage à Taif, près de La Mecque, affirme que l'ouvrage appartient au « serviteur de Dieu Muawiya, commandeur des croyants (amir al-mu'minin) ».
C'est la première attestation de ce qui deviendra le principal titre de ceux qu'on appellera par la suite « califes ». Ce titre reflète à ce stade une vision large et œcuménique des «croyants », incluant non seulement ceux qui acceptaient le Coran, mais aussi les monothéistes juifs et chrétiens. Ainsi,
quand un évêque gaulois nommé Arculfe passe en pèlerinage à Jérusalem, il présente « Mavias » (Muawiya) comme un roi sarrasin bien disposé envers les chrétiens qui fait construire sur le site de l'ancien temple juif une maison de prière (orationis domum), terme très positif qui correspond plus à une église chrétienne qu'à un lieu de culte infidèle?.
À cette époque de nombreux chrétiens conservaient l'espoir de voir leurs nouveaux maîtres arabes se convertir au chris-tianisme.
Muawiya s'appuyait sur son alliance avec des chrétiens de Syrie, non seulement pour l'administration et les finances, comme nous l'avons vu, mais aussi pour l'armée.
Muawiya s'appuyait sur son alliance avec des chrétiens de Syrie, non seulement pour l'administration et les finances, comme nous l'avons vu, mais aussi pour l'armée.
Particulièrement importante fut la tribu arabe des Banu Kalb, installée en Syrie dès le Ive ou v° siècle, constituée, pour sa plus grande majorité, au vie siècle, de chrétiens miaphysites ou monophysites (pour qui le Christ a une seule nature, contrairement aux duophysites, comme l'Église romaine ou grecque orthodoxe, qui distinguaient dans le Christ une nature divine et une nature humaine). Muawiya scella une alliance avec le chef chrétien de cette tribu, Bahdal ibn Unayf al-Kalbi, dont il épousa la fille, Maysun, qui devint mère de son fils et successeur Yazid Ier (680-683). Les fils et petits-fils chrétiens de Bahdal commandèrent les contingents Kalb qui formaient un élément essentiel de l'armée omeyyade. Muawiya s'intéressait même aux conflits doctrinaux entre chrétiens : à Damas en juin 659, il assista à une disputation entre chrétiens miaphysites et maronites. En 679, quand un tremblement de terre détruisit la cathédrale d'Édesse, il la fit reconstruire. À en croire un texte chrétien de l'époque, un saint homme chrétien aurait baptisé la fille de Muawiya pour la guérir?.
P 50
 
 
La théologie du djihad
C'est aussi sous les omeyyades que se développèrent une theologie et une jurisprudence du djihad. Dans le Coran, des 35 occurrences du mot djihad et des termes apparen-tés, 10 seulement se réfèrent à la guerre. Le plus souvent, cet « effort dans la voie de Dieu » se fait par des moyens pacifiques : le Coran somme les musulmans de mener le « grand djihad » contre les infidèles par la voie de la prédication (Q 25 : 52). Toutes les mentions de la guerre se réfèrent à des expéditions de Muhammad contre des ennemis spécifiques; aucun passage du livre sacré ne parle de guerre pour étendre l'islam en dehors de la péninsule. Le Coran fait montre d'une ambivalence envers la guerre : certains passages exhortent les musulmans à répandre la foi uniquement par des voies pacifiques, d'autres autorisent la guerre défensive, d'autres enfin encouragent la guerre pour soumettre les ennemis infidèles au pouvoir musulman. De nombreux versets, enfin, font état de désaccords au sein de la communauté musulmane primitive en ce qui concerne l'utilisation de la violence, dès l'époque de Muhammad : certains partent en expédition offensive alors que d'autres refusent d'y participer.
Cependant, la conception du diibna ration qui su
soumettre les ennemis a
no cascas versel, etat, sont elat de desaccords au sein de la communauté musulmane primitive en ce qui concerne l'utilisation de la violence, dès l'époque de Muhammad : certains partent en expédition offensive alors que d'autres refusent d'y participer.
Cependant, la conception du djihad évolue dans la génération qui suivit la mort du Prophète, génération qui assista aux grandes conquêtes, aux querelles doctrinales avec le judaïsme et le christianisme en même temps qu'à la formation de la doctrine musulmane, à travers notamment la mise par écrit des hadiths. Ces traditions reflètent une grande diversité de points de vue sur le djihad, comme sur maints autres sujets. Certains des compilateurs donnent une vision particulièrement belliqueuse des relations entre les musulmans et le monde non islamique. Muhammad ne serait
66pas simplement le prophète envoyé aux Arabes; sa mission revêtirait un caractère universel. Le djihad, cet « effort dans la voie de Dieu», consisterait principalement à étendre le domaine de l'islam (dar al-islam) par les armes - et ceci jusqu'à ce que le monde entier reconnaisse la souveraineté de l'islam. De là naquit la distinction entre le dar al-islam, les territoires soumis au pouvoir musulman, et le dar al-kufr, domaine de l'infidélité, appelé aussi dar al-harb, domaine de la guerre, qui n'a pas encore été gagné à l'islam mais qui doit l'être tôt ou tard. Cette distinction, absente du Coran, s'impose à l'époque omeyyade. Quant aux contradictions apparentes dans le Coran à propos de la guerre au service de l'islam, les commentateurs les résolvent en contextualisant les révélations, qui auraient été reçues dans des situations bien spécifiques : les passages conseillant la non-violence auraient été révélés à un moment où la communauté musulmane de La Mecque était faible et ne pouvait pas résister par la force. Les passages les plus militants seraient de la période médinoise, quand les musulmans affirmaient leur pouvoir, et abrogeraient les révélations antérieures, établissant les nouvelles normes devant réglementer la communauté. Cette interprétation vit le jour à l'époque omeyyade, quand les partisans de la vision militante cherchaient des arguments scripturaires dans le texte coranique.
Après la fin de la deuxième fitna. les califes omevvades
 
medinoise, quand les musulmans affirmaient leur pouvoir, et abrogeraient les révélations antérieures, établissant les nouvelles normes devant réglementer la communauté. Cette interprétation vit le jour à l'époque omeyyade, quand les partisans de la vision militante cherchaient des arguments scripturaires dans le texte coranique.
Après la fin de la deuxième fitna, les califes omeyyades reprirent les conquêtes, notamment contre Byzance, allant jusqu'à assiéger Constantinople en 717-718, sans pouvoir prendre la ville. En Orient, les troupes omeyyades conquirent le Sind (l'actuel Pakistan) en 711-713, puis de la Transoxiane (avec les villes de Samarcande et de Bukhara) entre 710 et
730. Au Maghreb, depuis Kairouan, les musulmans se battaient contre des tribus berbères et l'armée byzantine, contre laquelle le général Hassan ibn al-Nu'man remporta la bataille de Carthage en 698, sonnant le glas de la présence byzan-tine en Afrique. Mais il dut encore faire face à la résistance farouche d'une alliance berbère menée par celle que les chroniqueurs arabes appelaient « la reine berbère », Dihya, mieux connue par son surnom d'al-Kahina, « la Prêtresse ». Celle-ci impose une cuisante défaite à Hassan ibn al-Nu'man, qui doit se retirer en Cyrénaïque. Cinq ans plus tard, il fut de retour, avec des renforts, et remporta une victoire à Gabes sur les troupes berbères; la Kahina se serait suicidée plutôt que de se soumettre. Dans les années qui suivirent, la plupart des tribus berbères se rallièrent au califat, qui étendit ainsi son pouvoir jusqu'à l'Atlantique. En 711, le général berbère Tariq ibn Ziyad, dans un contexte de crise de succession dans le royaume wisigothique d'Espagne, traversa le détroit qui allait porter son nom pour gagner ce qui devint «la montagne de Tariq » (Jabal Tariq, Gibraltar) et battit le dernier roi wisigothique, Rodrigue, lors de la bataille de Guadalete. Dans les années qui suivirent, les troupes berbères et arabes soumirent la majeure partie de la Péninsule au pouvoir omeyyade, firent des raids au-delà des Pyrénées et conquirent Narbonne en 719.
 
P 67
 
Les Omeyyades, pour certains historiens, étaient les vrais inventeurs de l'islam, dans le sens où des éléments centraux de ce qu'est l'islam aujourd'hui ont trouvé leurs premières expressions sous leur tutelle : la shahada, le système de la dhimma, un langage symbolique proprement musulman dans l'architecture, l'art, les monnaies. Le terme même « islam » pour désigner une religion distincte et supérieure par rapport aux autres religions du Livre fut un produit de l'idéologie et de la propagande omeyyades. Les califes de la dynastie ont pu pérenniser les conquêtes de cet énorme empire allant de l'Atlantique jusqu'à l'Himalaya; sans ce travail, l'islam aurait peut-être disparu de la plupart de ces territoires. Mais si l'islam était désormais une religion aux prétentions universalistes, il restait fondamentalement une religion arabe. Il était plus facile pour des tribus arabes restées chrétiennes d'intégrer les réseaux de pouvoir omeyyades que pour les non-Arabes convertis à l'islam. Cette faiblesse fut particulièrement criante en Irak, d'où surgit, dans les années 740, un mouvement qui, en quelques années, balaya le pouvoir omeyyade.
70
 
 
 
À Bagdad, le calife al-Mamun rêve d'Aristote. Il demande au philosophe ce qu'est le bien : « Ce qui est bon selon l'in-tellect, répond-il. Et ensuite?, demande le calife. Ce qui est bon selon l'opinion des gens, dit Aristote. Et ensuite? Tout le reste n'est que braiment d'âne », affirme le philosophe.
L'érudit Ibn al-Nadim, vers la fin du x° siècle, prétend que ce fut ce rêve qui inspira al-Mamun à faire traduire des œuvres de sciences et de philosophie du grec à l'arabe. Mais loin d'être le fondateur de ce mouvement de traduction, al-Mamun poursuivit une politique établie par son arrière-grand-père, al-Mansur, mécène d'un vaste programme de traductions d'œuvres philosophiques et scientifiques du grec, du perse, du syriaque et du sanskrit en arabe. Ce pro gramme était à son apogée pendant le règne d'al-Mamun et faisait partie du grand foisonnement intellectuel de la capitale abbasside. Dans ce rêve d'al-Mamun, Aristote représente la raison comme arbitre suprême pour établir ce qui est le bien; « l'opinion », autrement dit la tradition ou la coutume, vient en seconde place. C'est une manière d'affirmer qu'en politique comme en théologie, c'est le courant rationnel qui doit primer face aux traditionnistes et oulémas. Al-Mamun va jusqu'à faire des proclamations sur des doctrines théologiques
et punir ceux qui soutiennent des doctrines adverses. Ainsi tente-t-il d'imposer l'autorité califale, épaulée par la théologie rationaliste, comme ultime arbitre de l'orthodoxie religieuse.
 
Les Omeyyades avaient transformé l'islam pour en faire une religion impériale à prétention universelle qui supplante les autres religions du Livre. En dépit de l'universalisme impérial et musulman revendiqué par les omeyyades et leurs idéologues, leur pouvoir se basait sur un réseau d'hommes arabes issus de la tribu des Quraysh et en particulier du clan omeyyade, épaulé par des tribus arabes chrétiennes de Syrie.
Cette contradiction rendait difficile, entre autres, l'intégration des non-Arabes convertis à l'islam qui, dans l'armée ou dans l'administration, n'étaient pas traités comme des égaux.
Cela explique en partie la résistance continue et accrue au pouvoir de Damas, qui éclata dans les années 740 lors de la « révolution abbasside », dont le berceau était les territoires irakiens et iraniens, autrefois centres du pouvoir sassanide.
L'ancien Empire sassanide couvrait un vaste ensemble comprenant les pavs aui sont
dans l'administration, I clarait
Cela explique en partie la résistance continue et accrue au pouvoir de Damas, qui éclata dans les années 740 lors de la « révolution abbasside », dont le berceau était les territoires irakiens et iraniens, autrefois centres du pouvoir sassanide.
L'ancien Empire sassanide couvrait un vaste ensemble comprenant les pays qui sont aujourd'hui l'Iran, l'Irak, les pays du Golfe, et des parties des pays du Caucase et de l'Asie centrale. Dans ces territoires où se mêlaient peuples, langues et religions, les musulmans n'étaient à l'époque omeyyade qu'une petite minorité. Ce fut dans cette région, aussi, que des fortes oppositions aux omeyyades s'exprimèrent et que se déroulèrent les batailles clefs des deux fitnas ou guerres civiles, notamment celles du chameau (656) et de Karbala (680). Si les gouverneurs omeyyades installés à Koufa réussirent ensuite tant bien que mal à faire respecter le pouvoir de Damas sur ces territoires, l'opposition au pouvoir omeyyade restait vive parmi certaines populations, notamment chez les chiites, les
kharijites, et les zoroastriens. À ces oppositions s'ajouta ensuite celle des mawali, convertis non-arabes à l'islam, qui espéraient obtenir un statut d'égalité avec les musulmans arabes mais qui furent maintenus dans des situations subalternes. La révolution abbasside provint d'une alliance de ces différents groupes autour de la figure d'Abou al-Abbas Abdullah, descendant d'un des oncles de Muhammad, mieux connu sous son sobriquet d'al-Saffah, « le Sanguinaire », en raison de la manière brutale avec laquelle il élimina ses rivaux.
Ce que la tradition musulmane appelle la troisième fitna fut d'abord une guerre civile au sein du clan omeyyade, mais elle ranidement en révolte contre le pouvoir omeyyade,
en 744
 
72
 
Astrologie
fit l'objet de visites de millions de pèlerins, chiites et sun-nites, jusqu'en 1926, quand les wahhabites la détruisirent avec les autres mausolées du cimetière (chap. IX).
En même temps, al-Mansur bâtit une idéologie politique qui fit des Abbassides les dignes héritiers à la fois de la famille du Prophète et des empereurs sassanides. Il réussit « à coopter l'idéologie zoroastrienne et à la transférer à Bagdad'». Al-Mansur tourna le dos à Damas et fit construire sur le Tigre, à 35 km de l'ancienne capitale sassanide de Ctésiphon, une nouvelle capitale, Bagdad, ville ronde avec en son centre la grande mosquée et le palais califal. L'entreprise de traduction d'ouvrages perses (et, dans une moindre mesure, grecs) faisait partie intégrante de sa stratégie de légitimation. Il s'intéressa tout d'abord à l'astrologie. Les souverains sassanides se vantaient du fait que leur pouvoir serait prédestiné par Dieu et inscrit dans les étoiles; les astrologues du calife s'efforçaient de montrer que désormais le destin des Abbassides pouvait se lire dans les étoiles.
Une tradition perse affirma que Zoroastre avait écrit une œuvre en 12 000 volumes qui regroupa toutes les sciences
Ana do co conduête
Lasvo
pulovo loly
dans une moindre
mesure, grecs) faisait partie intégrante de sa stratégie de légitimation. Il s'intéressa tout d'abord à l'astrologie. Les souverains sassanides se vantaient du fait que leur pouvoir serait prédestiné par Dieu et inscrit dans les étoiles; les astrologues du calife s'efforçaient de montrer que désormais le destin des Abbassides pouvait se lire dans les étoiles.
Une tradition perse affirma que Zoroastre avait écrit une œuvre en 12 000 volumes qui regroupa toutes les sciences dans toutes les langues. On prétendit que lors de sa conquête de la Perse (331 av. J.-C.), Alexandre pilla la bibliothèque impériale perse, envoya des livres à Alexandrie et fit brûler les autres livres. Ainsi Alexandrie devint le centre de l'étude de la médecine, de l'astronomie et des autres sciences car les Grecs avaient obtenu les fruits de la science perse ancienne dont une bonne partie était perdue des Perses eux-mêmes. Quand les souverains sassanides entreprirent de faire traduire en pehlvi des textes scientifiques grecs,
ils prétendirent donc rapatrier la science perse qui aurait été « volée » par les Grecs. C'est un mythe à la gloire de la civilisation perse dont les Sassanides se vantaient d'être les héritiers. De fait, la pensée « grecque » de l'Antiquité tardive fut un compendium de traditions qui prenaient leurs racines dans les traditions scientifiques égyptiennes, babyloniennes, indiennes et perses. Dans le monde hellénistique, le grec fut la langue de la culture et de la science, tout comme l'arabe le devint à l'époque abbasside, grâce à la politique de mécénat d'al-Mansur et de ses successeurs.
Al-Mansur s'inscrit done dans une longue tradition de mécénat de traductions d'œuvres scientifiques et philosophiques et il en fit un élément essentiel de son idéologie.
Lui et ses successeurs firent de l'arabe une langue de science at de philosophie. Certes, ils n'étaient pas les premiers : à côté des traductions du grec a
 
Al-Mansur s inscrit donc dans une dongue backdon de mécénat de traductions d'œuvres scientifiques et philosophiques et il en fit un élément essentiel de son idéologie.
Lui et ses successeurs firent de l'arabe une langue de science et de philosophie. Certes, ils n'étaient pas les premiers : à côté des traductions du grec en pehlvi, il y avait de nombreuses traductions, aux premiers siècles de l'islam, du grec en syriaque et du grec ou du syriaque en arabe : certains monastères nestoriens furent des centres d'études et de traductions importants. Pendant toute la période abbasside, on continuait à y traduire des textes (notamment des textes religieux chrétiens) du grec en syriaque et en arabe. En même temps, un grand mouvement de traduction de textes scientifiques et philosophiques vers l'arabe se produisait à Bagdad, grâce au mécénat des califes et de membres de leur entourage. Mansur prêchait tous les vendredis à la mosquée qu'il fit construire au centre de sa capitale. Il menait une vie austère, ne buvait pas de vin. La chambre du calife dans son palais était petite, sans décoration, avec simplement quelques nattes posées à terre, à en croire les chroniqueurs.
Son austérité contrastait avec le luxe que ses successeurs déployèrent.
 
80
 
 
Al-Mamun : la consécration de l'école mutazilite et l'opposition d'Ibn Hanbal
La fin de règne de Harun al-Rashid fut marquée par une série d'intrigues et de conflits. Pour des raisons qui font l'objet de débat depuis le 1x° siècle, en 803 il fit arrêter Jafar, dernier vizir barmakide et compagnon de beuveries, et le fit tuer. Le calife accorda la succession à son fils al-Amin, lui faisant promettre de nommer comme successeur son jeune frère al-Mamun. Mais, à la mort de son père en 809, al-Amin (809-813) désigna son propre fils comme héritier du titre califal. Al-Mamun se révolta, provoquant une guerre civile et la destruction d'une partie de la capitale. Al-Mamun finit par remporter la victoire contre son frère qui y trouva la mort. Installé sur le trône califal grâce au soutien de ses troupes perses du Khorasan, régicide et fratricide, al-Mamun
(813-833) cherchait à consolider son pouvoir et légitimer sa succession. Comme d'autres dirigeants avant et après lui, il utilisa l'appel au djihad pour consolider sa légitimité : les armées califales menaient la guerre contre Byzance, notamment par des raids en Anatolie. On voit émerger à cette époque une nouvelle idéologie anti-Byzantine. Al-Jahiz, un des grands intellectuels du proche entourage du calife, fut auteur d'œuvres de zoologie, de rhétorique et d'ethno-
graphie. Il distingue les Grecs (Yunaniyun) date sophes et scientifiques, et les Burant
anteintellafinit par remporter la victoire cOmo ouss la mort. Installé sur le trône califal grâce au soutien de ses troupes perses du Khorasan, régicide et fratricide, al-Mamun
(813-833) cherchait à consolider son pouvoir et légitimer sa succession. Comme d'autres dirigeants avant et après lui, il utilisa l'appel au djihad pour consolider sa légitimité : les armées califales menaient la guerre contre Byzance, notamment par des raids en Anatolie. On voit émerger à cette époque une nouvelle idéologie anti-Byzantine. Al-Jahiz, un des grands intellectuels du proche entourage du calife, fut auteur d'œuvres de zoologie, de rhétorique et d'ethno-graphie. Il distingue les Grecs (Xunaniyun) antiques, philosophes et scientifiques, et les Byzantins (Rum), chrétiens et anti-intellectuels, qui interdirent l'étude de la science et la philosophie. Les grands penseurs grecs, tels Aristote, Galien Ou Euclide, n'étaient ni chrétiens ni byzantins, explique-+-il. Aucun philosophe, du reste, ne pourrait accepter les doctrines irrationnelles du christianisme, la Trinité et l'In-carnation. Pour montrer l'irrationalité des chrétiens, on affirme que leur religion leur a poussé à abandonner les
84
sciences. Une légende affirme qu'après la mort de Galien (210 de notre ère), le christianisme gagna les Grecs qui en conséquence délaissèrent l'étude de la médecine. De fait, « les chrétiens considéraient comme un péché d'étudier les matières intellectuelles ». Pour ces auteurs de l'entourage du calife, Bagdad, et non Constantinople, était la véritable héritière des Grecs. Ces auteurs savaient bien que les chrétiens n'étaient pas tous anti-intellectuels, que les traducteurs, médecins et scientifiques chrétiens étaient nombreux à Bagdad et ailleurs dans le califat. Mais le but était d'affirmer la supériorité intellectuelle de l'islam et du califat, et cela passait par la négation de la « raison » chez les non-musulmans. Cela n'empêchait nullement le calife de continuer la pratique d'honorer les chefs des différentes églises de son califat; lors d'un voyage en Égypte, il se fit ainsi accompagner par le patriarche miaphysite Dionysius de Tel Mahre.
En 818, al-Mamun nomma comme héritier Ali al-Ridha,
nom ALite N6 à Médine. Ali fut investi de l'ima-
 
traditionniste. Quand il mourut en 855, à l'âge de 75 ans, sa tombe devint l'objet de vénération et un lieu de pèlerinage.
Ibn Hanbal donna son nom à l'école hanbalite, l'une des quatre principales madhhahs (écoles juridiques) sunnites.
L'école hanbalite est souvent présentée comme la plus rigoriste, même si certaines des positions de ceux qui s'en réclament aujourd'hui (notamment les wahhabites de l'Arabie Saoudite, comme nous verrons dans la troisième partie de ce livre) sont très éloignées de celles du fondateur. On le voit dans sa vénération pour les reliques des saints ou dans son admiration pour le mysticisme et pour ceux qui le pratiquent, les soufis. Du reste, dans la tradition soufie, on le présente comme un des grands saints soufis?. Dans ses œuvres juridiques, il s'intéresse souvent aux relations entre musulmans et non-musulmans. Il estime, par exemple, qu'un musulman ne doit pas enseigner le Coran aux non-musulmans. On lui demande si les gens du Livre peuvent prier pour la pluie aux côtés des musulmans; il répond par l'affirmative. Il aborde aussi la question des familles mixtes, jugeant par exemple qu'un musulman devrait saluer sa famille non-musulmane en perse, plutôt qu'avec le saloum aleykum arabe qui devrait être réservé aux musulmans. Onlui demanda si un mari musulman peut interdire à sa femme chrétienne de boire du vin ou de faire rentrer une croix dans la maison. Certes, répond-il, il peut tenter de le lui interdire, mais elle reste libre de braver cette interdiction et de le faire quand même. D'autres juristes se posaient les mêmes questions : est-ce que les musulmans doivent dire « salam » aux non-musulmans? Leur serrer la main?
Peuvent-ils partager des repas avec eux? Les réponses de ces juristes varient énormément.
88
 
 
Un jour d'août 1047, le calife fatimide al-Mustansir, jeune homme de 18 ans, sortit de sa capitale, Le Caire, monté sur un cheval harnaché d'or et de pierres précieuses. Il était entouré de sa cavalerie, richement accaparée. À ses côtés, des valets portaient les emblèmes de son pouvoir : le glaive, l'encrier et un parasol orné de fils d'or et de pierres précieuses. Autour des chevaliers, une foule à dos de cha-meau, à dos d'âne ou à pied. Tout ce monde se mit en marche, traversant la capitale : au passage du calife, ses sujets, juifs et chrétiens, musulmans sunnites et chiites, se prosternaient devant lui. La procession arriva enfin aux abords du Nil. On présenta au calife une lance qu'il jeta dans une digue qui retenait les eaux du fleuve en crue.
Ce fut le signe donné aux ouvriers de briser la digue pour inonder les champs. Ainsi commencèrent plusieurs jours de festivités : promenades en bateau dans les champs en eau, festins jusque tard dans la nuit. C'est un voyageur perse, Nasir-i Khusrau, qui fait le récit de ces festivités. Ce qui frappe dans sa description, c'est l'absence de toute mention de l'islam. Le calife fatimide semble honorer une tradition immémoriale datant des temps pharaoniques, sans référence à la religion musulmane. Manière sans doute d'être reconnu
comme monarque légitime de ses sujets égyptiens, toutes confessions confondues.
Le califat fatimide chiite naquit en Ifrigiya (Tunisie) en 909 puis fit la conquête de l'Égypte en 969 et fit du Caire sa capitale. En 929, Abd al-Rahman III, descendant des califes omeyyades de Damas, se proclame calife à Cordoue. Ainsi aux x° et xi° siècles de notre ère, il y avait trois prétendants rivaux au titre de calife : à Bagdad, au Caire et à Cordoue.
C'est donc désormais d'un monde musulman politiquement fragmenté qu'il sera question dans ce livre, une fragmentation qui n'empêche nullement le mouvement des personnes, des biens et des idées. Au contraire, en dépit de la division et de la diversité, une certaine unité culturelle et de grandes avancées intellectuelles émergent aux quatre coins du monde musulman. Et encore une fois, des juifs, chrétiens et d'autres participèrent à ce foisonnement culturel et intellectuel, à tel point qu'on présente parfois l'entente interreligieuse à Cordoue, au Caire ou à Bagdad comme une sorte de « paradis perdu », une « culture de tolérance ». C'est le mythe de la convivencia, le vivre-ensemble, bâti notamment par des juifs d'Europe centrale au xix° siècle qui subissaient l'antisémitisme et rêvaient d'un passé idéalisé de foisonnement culturel juif au sein d'une société musulmane tolérante. Ce mythe est repris en Espagne au xx° siècle, entre autres dans les milieux du tourisme. Il est parfois évoqué aujourd'hui pour montrer le caractère fondamentalement tolérant de l'islam. Comme de nombreux mythes, celui-ci se base sur une partie de vérité et une partie d'oubli.
 
102
Le califat Fatimide, né en Ifriqiya au début du xi siècle, rejeta la légitimité des Abbassides et établit une dynastie chiite qui domina l'Afrique du Nord et une bonne partie du Proche-Orient du ix° au xi° siècle. Les Fatimides appartenaient à la branche ismaélienne des chiites. Après la mort de l'imam Jafar al-Sadiq à Bagdad, en 765, la plupart des chiites reconnurent son deuxième fils, Musa, comme successeur, puisque son fils aîné Ismaël était déjà mort. Mais d'autres (qu'on appelle les ismaéliens) affirmaient que la transmission de l'imamat devait passer par le fils aîné, Ismaël. Aux Ix-x° siècles, les ismaéliens étaient souvent persécutés par les autorités sunnites; ils étaient néanmoins nombreux dans certaines régions (au Yémen en particulier) et leurs missionnaires étaient actifs dans tout le Maghreb, où ils eurent des succès notamment auprès de la tribu berbère des Ketamas (en actuelle Algérie). Cette tribu se révolta contre l'émir d'Ifriqiya. En 909, leur chef, Ubayd Allah, s'étant fait proclamer Mahdi (figure messianique, sorte de rédempteur eschatologique), rentra dans Kairouan et prit le titre de calife. En prenant le titre de calife, Ubayd Allah affirmait être le seul dirigeant légitime de tous les musul-mans, rejetant l'autorité du calife abbasside. Les Fatimides affirmaient qu'un jour ils établiraient leurs étendards à Bagdad et feraient prononcer la prière du vendredi à leur nom. D'autres dirigeants au Maghreb (et ailleurs dans le monde musulman) avaient été indépendants de fait, mais en adoptant des titres de rang inférieur, comme celui d'émir (Souverneur/général). En 909, pour la première fois, naît un califat rival.
En 916. Ubard Allah fonda une nouvelle capitale fortifiée sur le littoral ifriqiyen : Mahdia, la ville du Mahdi, qui devint
un centre de commerce florissant. Il entreprit la conquête du Maghreb et de la Sicile. Pour la dynastie fatimide qui prétendait à un pouvoir universel, la conquête de l'Orient s'imposait. L'Égypte devint la cible de raids fatimides récur. rents entre 914 et 925. En 969, le calife al-Muizz envoya son général Jawhar à la conquête de l'Égypte. L'armée fatimide s'allia à la jeune puissance maritime d'Amalfi (au sud-est de Naples) dont les navires acheminaient des vivres et du bois pour les conquérants.
Jawhar, arrivé à ses fins, fonda al-Qahira (Le Caire), qui signifie « La Victorieuse », à côté de Fustat (cité fondée par les Arabes en 642). Le Caire devint le siège du pouvoir fatimide; en 971, le calife al-Muizz s'y installa. Il y transféra toute la dynastie fatimide, amenant avec lui les sarcophages contenant les dépouilles de ses trois prédécesseurs.
L'ambition universaliste de la dynastie chiite ne s'arrêta pas à l'Égypte. Al-Muizz réussit à soutenir des chiites de Médine et La Mecque afin qu'ils prennent le pouvoir et reconnaissent la suzeraineté du calife fatimide. Les fatimides contrôlaient ainsi les deux villes les plus saintes de l'islam, élément clé de leur prestige et de leur légitimité.
Le Caire était une ville chiite, au début majoritairement berbère, alors que les habitants de Fustat étaient chrétiens, sunnites et juifs. Les califes pratiquaient une large tolérance envers tous ces groupes car ils cherchaient la reconnaissance et l'appui de tous. Le pouvoir du calife se fondait sur la force de son armée, dont le noyau dur était la tribu des Ketamas. Al-Aziz, successeur d'al-Muizz, fit la conquête de la Syrie, prenant Damas en 978, puis Alep en 983. Il réforma l'administration et l'armée, fixant les niveaux de rémunération des officiers de la cour et des soldats. Il acheta des esclaves turcs pour en faire une faction importante de l'armée et contrebalancer le pouvoir des Berbères.
 
P108
 
 
Dans ce Proche-Orient fragmenté entre beys turcs, princes arabes sunnites, califat fatimide et roi arménien, arriva en 1098 un nouvel acteur inattendu : les Faranj ou Ifranj, autrement dit les Francs, des chrétiens latins. Comme l'explique le chroniqueur syrien Ibn al-Athir (1160-1233) :
C'est à l'année 1085 qu'il faut faire remonter l'apparition de la puissance des Francs, l'influence qu'ils exercèrent, leurs attaques contre l'islam et leurs invasions dans les pays musul-mans, et la conquête qu'ils firent d'une partie de leur territoire.
Ainsi ils s'emparèrent de la ville de Tolède et d'autres villes d'Espagne. En l'année 1091, ils pénétrèrent dans l'ile de Sicile et en firent la conquête [...). Enfin, ainsi que tu vas le voir, ils se répandirent ailleurs. L'année 1097 fut celle de la marche des Francs vers la Syrie'.
Pour Ibn al-Athir, c'est la division entre musulmans qui ouvrit la brêche aux diverses conquêtes des « Ifranj»
(« Francs » ou Européens latins) de la péninsule Ibérique jusqu'en Palestine. En Espagne, les royaumes chrétiens du Nord profitaient de la faiblesse des princes musulmans pour étendre leur pouvoir à leurs dépens. La Sicile au xi siècle fut également divisée entre princes musulmans rivaux: le prince Normand Roger de Hauteville, en s'alliant à certains de ces princes pour faire la guerre contre leurs rivaux, réussit en trente ans (1061-1091) à conquérir toute l'ile. Et les troupes de la première croisade conquirent des territoires dans le Proche Orient, culminant avec la prise de Jérusalem en juillet 1099. Dans les trois cas, des chrétiens firent des conquêtes aux dépens de princes musulmans et des musulmans devinrent sujets de princes chrétiens.
En Espagne, nous avons vu qu'au xi siècle le califat de Cordoue fut divisé en petits États anneléo +r
conflit lec
* onconquêtes aux dépens de princes musulmans et des musul mans devinrent sujets de princes chrétiens.
En Espagne, nous avons vu qu'au xi° siècle le califat de Cordoue fut divisé en petits États appelés taifas, souvent en conflit les uns avec les autres et victimes de prédations de princes chrétiens du Nord de la péninsule. Alphonse VI, roi de Castille et de León, profita de ces divisions pour prendre en 1085 Tolède, ancienne capitale de l'Espagne wisigothique.
La chute de Tolède provoqua une réaction qui arrêta pour un temps l'avancée de la conquête chrétienne, lorsque certains des rois de taifas firent appel au sultan de la dynastie berbère des Almoravides, comme nous le verrons ci-dessous.
C'est aussi au xi° siècle que la Sicile musulmane se divisa en petites taifas. Aucun prince musulman n'arrivant à imposer son pouvoir à l'ile tout entière, chacun cherchait l'appui de différents émirs locaux. Ibn al-Thumma, émir de Syracuse, fit appel à Roger de Hauteville, aventurier normand installé en Italie du Sud, qui intervint à ses côtés en 1061. En 1071, Roger revint avec son frère Robert Guiscard et assiégea Palerme, qui capitula en 1072. Les Normands poursuivirent la conquête de l'ile jusqu'en 1091. Ils s'allièrent à certains des émirs (qui devinrent leurs vassaux) contre d'autres :ainsi des chefs musulmans puissants faisaient partie de l'entourage des rois de la Sicile Normande.
Les rois normands n'avaient pas intérêt à ce que les musulmans de l'ile se convertissent au christianisme. Ils se contentaient de reproduire le système des dhimmis en inversant les rôles : les musulmans et les juifs devaient désormais payer la jizya (le mot arabe fut retenu par l'administration normande). Grâce au témoignage apporté par le voyageur andalou Ibn Jubayr, nous pouvons nous faire une idée des institutions musulmanes telles qu'elles étaient en 1184-1185.
L'auteur dépeint une image très ambiguë: il est à la fois émerveillé par la survivance et la piété des musulmans qu'il rencontre dans l'île et inquiet des difficultés auxquelles ils sont confrontés. Ibn Jubayr se réjouit de la place impor tante que le monarque donne à ses conseillers musulmans.
Il décrit dans les villes siciliennes des communautés musulmanes avec leurs marchés, leurs hammams, leurs mosquées dotées de minarets où les muezzins font l'appel à la prière.
Mais il sent qu'il y a là aussi un danger : la gentillesse des chrétiens de Palerme, la beauté des chrétiennes; ne serait-ce pas un leurre ? Charmé par la messe de Noël chantée dans
'l'église de la Martorana, ébloui par la beauté de la lumière qui pénètre par les vitraux, Ibn Jubayr avoue que ces choses «suscitent un charme contre lequel nous cherchons refuge auprès de Dieu? ». Les enfants menaçaient leurs parents de se convertir au christianisme, et les parents prévoyants
mordant
filles à des vovageurs musulmans pour
t a piete des musulmans qu'il
rencontre dans l'île et inquiet des difficultés auxquelles ils sont confrontés. Ibn Jubayr se réjouit de la place importante que le monarque donne à ses conseillers musulmans.
Il décrit dans les villes siciliennes des communautés musulmanes avec leurs marchés, leurs hammams, leurs mosquées dotées de minarets où les muezzins font l'appel à la prière.
Mais il sent qu'il y a là aussi un danger : la gentillesse des chrétiens de Palerme, la beauté des chrétiennes; ne serait-ce pas un leurre ? Charmé par la messe de Noël chantée dans
'l'église de la Martorana, ébloui par la beauté de la lumière qui pénètre par les vitraux, Ibn Jubayr avoue que ces choses « suscitent un charme contre lequel nous cherchons refuge auprès de Dieu? ». Les enfants menaçaient leurs parents de se convertir au christianisme, et les parents prévoyants mariaient leurs filles à des voyageurs musulmans pour qu'elles puissent vivre en terre d'islam.
En 1095, le pape Urbain II demanda aux évêques réunis au concile de Clermont d'inciter les chevaliers d'Europe à partir secourir les chrétiens d'Orient. Il aurait reçu une lettre de l'empereur byzantin Alexis Ier (1081-1118) demandant de l'aide militaire contre le sultanat seldjoukide de Rum en Anatolie. La prédication par le pape et ses évêques de
 
 
etaient certes ponctuees de concate, ous
taulids, mal
elles illustrent l'évolution d'une alliance franco-damascène.
Sur ses autres frontières, le royaume de Jérusalem était protégé par la mer ou par le désert; en revanche, la frontière avec Damas traverse des terres fertiles; les deux États avaient intérêt donc à trouver un modus vivendi.
L'histoire des croisades et des États latins d'Orient est souvent vue sous le prisme de l'histoire coloniale : déjà au xIx° siècle, auteurs français et britanniques voyaient dans les croisades les précurseurs de la colonisation de la région à l'époque contemporaine. Mais, pour les auteurs de l'époque, les Ifranj étaient certes des personnes interlopes venus d'ail-leurs, mais ils n'étaient en cela pas bien différents d'autres groupes qui se battaient pour se faire une place dans la région. Ils n'étaient nullement une menace importante sur le plan militaire, surtout comparés aux Mongols qui dévastèrent le Moyen-Orient au xI® siècle, comme nous le verrons.
 
138
 
 
 
avec le qua-
trième khan de l'empire, Möngke (1251-1259), et sa participation à un débat devant lui entre chrétiens, musulmans, bouddhistes et taoistes. La mère de Möngke était chrétienne nestorienne, mais l'empereur pratiquait le chamanisme traditionnel des dirigeants mongols tout en promouvant une politique de tolérance religieuse et en accordant des privilèges politiques et fiscaux aux clergés de diverses religions.
Möngke assigna à son frère Hulagu la conquête du califat abbasside. Celui-ci marcha sur Bagdad avec une énorme armée composée de troupes mongoles, chinoises, armé-niennes, géorgiennes, turques et persanes. Sommé de se soumettre, le calife al-Mustasim refusa et Hulagu assiégea la ville qu'il prit le 10 février 1258. Le calife fut mis à mort et la ville, pillée. Certains récits affirment que les troupes mongoles auraient brûlé les livres de la bibliothèque pala-tine, que le Tiere était rouge du sang des philosophes et
 
des hommes de religion, que mosquées et madrasas furent détruites, que plus de 100 000 personnes furent assassinées.
Si nous sommes en présence vraisemblablement d'exagéra. tions d'auteurs hostiles aux Mongols, il n'en demeure pas moins que la chute de l'ancienne capitale abbasside envoya une onde de choc à travers l'ensemble du monde musulman.
Möngke mourut le 11 août 1259 en assiégeant une forteresse dans le Chongging; Hulagu rentra pour s'immiscer dans la lutte pour la succession, laissant son armée sous l'autorité du général chrétien mongol Ketboga. Celui-ci sut fédérer les opposants aux mamelouks : princes ayyoubides de Syrie, rois chrétiens d'Arménie et de Géorgie, et le prince franc Bohémond VI d'Antioche. C'est cette coalition qui prit Damas en mars 1260 : on célébra la messe dans la mosquée des Omeyyades. Mais, le 3 septembre, à la bataille d'Ayn Jalut, les troupes mameloukes, menées par le général et futur sultan Baybars, l'un des puissants chefs des mamelouks, mirent l'armée de Ketboga en déroute, marquant la fin de la menace mongole sur la Syrie et l'Égypte. La crise de suc cession provoquée par la mort de Möngke provoqua une véritable guerre civile (1259-1264) qui aboutit à la division de l'empire en quatre khanats indépendants.
Au Caire, Baybars, profitant du prestice
annerté
vintains
 
P148
 
 
 
La Nahda, renaissance culturelle arabe
aul XIX* siècle
C'est dans le contexte de ces bouleversements qu'il faut situer la Nahda (« renaissance » en arabe), un large mouvement culturel et intellectuel dans le monde arabe, impliquant des penseurs et écrivains musulmans et chrétiens. L'une des grandes figures de ce mouvement fut Jamal al-Din al-Afghani
(1839-1897), qui voyait en un islam réformé, en phase avec son temps et l'autonomie des sociétés arabes, la clef de la résistance à l'agression française et britannique. Originaire d'Iran, al-Afghani voyagea partout dans le monde musul-man, d'Afghanistan en Égypte, d'Inde à La Mecque. Déçu par l'échec de la révolte indienne de 1857, il exhortait musulmans et hindous à s'unir pour expulser les Britanniques.
En Égypte, il rencontra Muhammad Abduh, journaliste et théologien qui avait étudié à al-Azhar et qui avait écrit des œuvres de théologie mystique inspirées par Ibn Arabi. Les deux hommes, exilés à cause de leurs activités politiques, se retrouvaient à Paris en 1884, où ils fondèrent un journal,
Al Urwa al Wuthga (« Le lien indissoluble »), pour diffuser leurs idées réformistes. Afghani défendait ces idées contre les wahhabites, contre les savants religieux qui tenaient le pouvoir dans les institutions comme d'al-Azhar, et aussi contre des orientalistes européens, tel Ernest Renan, professeur
 
d'arabe au Collège de France, qui avait affirmé en 1883 e l'islam était incompatible avec l'esprit scientifique et qui empêchait les musulmans de rentrer de plain-pied dans le modernité. Afghani rétorqua dans un article du Journal des débats : l'islam n'est pas plus un obstacle à la science que les autres religions. Au contraire, le Coran exhorte au lec teur à la science et, pour preuve, à l'époque abbasside les musulmans étaient les maîtres incontestés des sciences.Les Arabes tout ignorants et barbares qu'ils fussent à leur origine reprirent ce qui avait été abandonné par les nations civilisées Les Grecs et les Romains], ranimèrent les sciences éteintes, les développèrent et leur donnèrent un éclat quils n'avaient jamais eu. [...] Ces sciences qu'ils ont usurpées par droit de conquête, ils les ont développées, étendues, éclaircies. perfectionnées, complétées et coordonnées avec un goût parfait, une précision et une exactitude rares. I...1 Les Européens ont fait bon accueil à Aristote, émigré et devenu arabe; mais is ne songeaient nullement à lui quand il était grec et leur voir sin. N'y a-t-il pas là une autre preuve non moins évidente de la supériorité intellectuelle des Arabes et de leur attachement naturel à la philosophie?
En même temmo
•
on est par
En même temps, Afghani soutient que la religion est p nature hostile à la philosophie et à la science : Athènes et Alexandrie étaient des grandes capitales intellectuelles jusqu'à ce que le christianisme vienne éteindre l'esprit philosophique. De la même manière, affirme-t-il, la rel gion musulmane, à partir du xme siècle, étouffa les sciences Depuis le xvm° siècle, les nations chrétiennes de lEur se sont progressivement libérées du carcan du fanatist pour retrouver la voie de la raison; il faut que les natio musulmanes fassent pareil. Un message destiné à rébus Renan, mais aussi un certain nombre des oulémas.Muhammad Abduh retourna en Égypte en 1888 où il fut nommé gadi, puis mufti. Il prononça de nombreuses fatwas promouvant la réforme en profondeur de la société et écrivait des ouvrages de vulgarisation de sa vision réformiste de l'islam et du droit musulman. « En cas de conflit entre la raison et la tradition, affirme-t-il, c'est à la raison qu'appartient le droit de décider; c'est là un principe auquel ne s'opposent que peu de gens°. » Il cherchait la fraternité religieuse les chrétiens coptes d'Égypte. Pour lui il y avait une harmonie fondamentale entre le christianisme et l'islam, même si ce dernier surpasse le premier et est destiné à s'étendre.
L'Occident aurait trahi les valeurs du christianisme :
Mo
nouin pannort entre la religion
Mon opinion est qu'il n'y a aucun rapport entre la religion chrétienne et la civilisation actuelle de l'Occident... Le Nouveau Testament ordonne aux croyants de s'affranchir de cette vie passagère et d'être inconscients de sa gloire éphémère. Cette ivilisation, d'autre part, est la civilisation du pouvoir, de la foire, du luxe, de l'arrogance et de l'hypocrisie, et son maitre suprême est l'argent!.
foute une élite intellectuelle arabe, dans les terri-res dominés par les Ottomans, puis par les Français et tanniques
ga
contre la domination étrangère.
 
Toute une élite intellectuelle arabe, dans les territoires dominés par les Ottomans, puis par les Français et Britanniques, se dresse contre la domination étrangère.
Mais aussi contre les dérives sectaires au sein de l'islam.
On pourrait citer Jamal Sidqi Zahawi, fils du mufti kurde de Bagdad, qui dans diverses œuvres, en vers et en prose, dénonce l'oppression de la femme, l'obscurantisme wahha-bite, le despotisme d'Abdülhamid II (qui avait ajourné la constitution et le Parlement ottomans) 12.
Si Ismail Pacha et d'autres souverains musulmans rêvaient d'être acceptés comme égaux face à leurs homologues euro-péens, ces rêves furent vite déçus. La France avait perdu une partie de son territoire face à l'empire allemand en 1870 et
n'a rien obtenu du traité de Berlin. La Grande-Bretagne: l'Allemagne acceptèrent d'« offrir » à la France la Tunis comme lot de consolation. Encore fallait-il trouver un p texte pour l'envahir. Ce fut chose faite en avril 1881. premier ministre Jules Ferry, affirmant que la tribu tas sienne des Kroumirs avait attaqué l'est de l'Algérie, de d'envoyer une expédition punitive en Tunisie et obigal bey à abdiquer. La Tunisie devint officiellement protecto français le 12 mai de la même année.
De 1879 à 1882, une révolte secoua l'Égypte, pour cote ter la mainmise européenne sur le pays. Le chef mille
Ahmed Urabi, promu Premie sur ne re mena une relie
Le lori mise europénne sur voua i rgypte, pour cons,
ter la mainmise européenne sur le pays. Le chef millar Ahmed Urabi, promu Premier ministre, mena une reforme pour instituer un régime parlementaire, mais cette révols ton fit long feu. Le canal de Suez étant devenu une atter majeure du commerce mondial britannique avec l'Inde l'Indonésie et la Chine, le contrôle de l'Égypte et du cama lui-même est devenu une question stratégique majeure de la politique étrangère et moyen-orientale britannique. les Britanniques et autres Européens jouissaient de longue date de privilèges qui les exemptaient des lois, taxes et taris locaux que l'assemblée égyptienne souhaitait abolir. En jul let 1882, des navires de guerre britanniques bombardèrent Alexandrie, puis vainquirent l'armée égyptienne à la batal. de Tel-el-Kebir. L'Égypte restait formellement une parte de l'Empire ottoman, mais c'était de fait une colonie brita nique; elle devint protectorat en 1914. À une époque oil colonisation avait de plus en plus d'opposants intérieusi extérieurs, les Britanniques et les Francais avaient tout la parade du « protectorat » ? une colonie qui ne dit pas nom, et qui coûte moins cher au'un iGeime d'administaid
237
 
 
bit un gouvernement a Ankara : la république turque fut reconnue par le traité de Lausanne en 1923. L'abolition des ordres soufis et du califat éliminait toute institution relicieuse qui pouvait rivaliser avec l'autorité du nouvel État laïc. Il impliquait aussi l'abandon de l'universalisme musulman que prétendaient incarner les califes. Si en 1924 et depuis certains nostalgiques réclament le retour du califat (et, pour certains, d'un califat arabe), d'autres se félicitent de la libération des musulmans de ce cadre suranné. Dès 1925, l'ouléma égyptien Ali Abd al-Razig publie L'Islam et les fondements du pouvoir, dans lequel il plaide pour une séparation entre la religion et le pouvoir politique. Mais ni les oulémas d'al-Azhar ni Fouad I°', roi d'Egypte, ne furent d'accord. Au contraire, ils organisèrent au Caire en 1926 un Congrès Islamique Général pour le Califat, dont le but était de rétablir le califat, et peut-être d'établir Fouad comme nouveau calife. Mais cette initiative
*Erptienne provoqua plus de méfiance que de ralliement chez les autorités musulmanes d'Inde, de Syrie, d'Arabie Saoudite et d'ailleurs et le congrès fut un échec.
239
 
 
 
La vie remarquable du Soudanais Mahmud Muhammad
Taha (1909-1985), réformateur religieux, militant indépendantiste et homme politique, illustre les soubresauts de l'islam du xxe siècle, entre impérialisme occidental, lutte anticoloniale, mouvements de réforme et de contestation religieuses, et oppression par les élites gouvernantes des nouveaux États indépendants. Taha naquit sur les rives du Nil bleu, au centre du Soudan, dans une famille d'agri-culteurs. Ingénieur diplômé, il travailla pour la compagnie britannique Sudan Railways qui construisait le réseau ferré de ce qui était encore une colonie britannique. Mais il démissionna en 1941 et commença à militer pour l'indépendance de son pays. En 1945, il devint chef du nouveau Parti républicain du Soudan. Il fut emprisonné à plusieurs reprises par les autorités coloniales. Le Soudan obtint son indépendance le fer lanvier 1956 et sa vie politique fut marquée par des diJains entre communistes, islamistes et républicains.
Taha et sc
rebaptisé « les Frères républi-
res
241
 
 
ment) pour intimider la population et etouffer toute vellis d'opposition.
Sayyid Qutb écrit en prison A l'ombre du Coran, sotte de tafsir (exégèse) frèriste du Coran, qu'on a pu qualifier de «Coran des islamistes ° ». Qutb décrit l'ère de Médine comme celle d'un paradis perdu, une société idéale où régnaient la justice sociale et la paix entre les croyants. Les quatre pre miers califes firent le djihad contre les empires corrompus byzantin et sassanide non pour des motifs de pouvoir, de lucre ou de gloire, mais pour porter la justice sociale d la vérité divine aux peuples opprimés par ces empires. Ce souci de justice et d'équité avait conduit le Prophète lis même à se soumettre à la shura, la consultation avec ses pairs, ce qui tend à dire que le pouvoir doit être conçu e exercé de manière collective et consensuelle - idée qui dis tingue, comme nous l'avons vu, les Frères des wahhabite
260
 
 
Envoyé de mon iPhone
},
}

@misc{louis_atlas_2020,
	address = {Paris},
	title = {Atlas historique du {Moyen}-{Orient}},
	isbn = {978-2-7467-5507-9},
	language = {fre},
	publisher = {Autrement},
	author = {Louis, Florian and Le Goff, Fabrice},
	year = {2020},
	note = {Series: Collection Atlas-mémoires},
}

@article{propos_recueillis_par_virginie_larousse_richard_2023,
	title = {Richard {Malka} et {Chems}-{Eddine} {Hafiz} « {Faire} prévaloir un islam du savoir »},
	url = {https://nouveau.europresse.com/Link/icpT_1/news%c2%b720230107%c2%b7LM%c2%b7202301072%c3%9720%c3%9721029210200},
	abstract = {Ils se sont autrefois opposés dans le prétoire. Richard Malka, l’avocat de Charlie Hebdo, défendait en 2006 l’hebdomadaire satirique face à Chems-Eddine Hafiz, conseil de la Grande Mosquée ...},
	language = {Français},
	journal = {Le Monde},
	author = {{Propos recueillis par Virginie Larousse}},
	month = jan,
	year = {2023},
	pages = {28,29},
}

@article{cyprien_mycinski__2023,
	title = {« {Pendant} les premiers siècles de l’islam, il existait plusieurs versions du {Coran} »},
	url = {https://nouveau.europresse.com/Link/icpT_1/news%c2%b720230122%c2%b7LMF%c2%b76158838_6038514},
	abstract = {Mohammad Ali Amir-Moezzi est directeur d’études en islamologie à l’Ecole pratique des hautes études (EPHE, Paris). Codirecteur, en 2019, du Coran des historiens (Cerf, 4 372 pages, 89 ...},
	language = {Français},
	journal = {Le Monde (site web)},
	author = {{Cyprien Mycinski}},
	month = jan,
	year = {2023},
}

@book{brague_europe_2009,
	address = {Paris},
	series = {Collection {Folio} {Essais}},
	title = {Europe, la voie romaine},
	isbn = {978-2-07-040877-1},
	language = {fre},
	number = {343},
	publisher = {Gallimard},
	author = {Brague, Rémi},
	year = {2009},
}

@misc{platti_bagdad_nodate,
	title = {Bagdad — {Beauvais} — {Bruges}},
	url = {https://www.brepolsonline.net/doi/epdf/10.1484/M.RME-EB.3.984?role=tab},
	language = {en},
	urldate = {2023-02-23},
	author = {Platti, Emilio},
	doi = {10.1484/M.RME-EB.3.984},
	annote = {Je voudrais en tirer une conclusion simple: la réduction de l’argumentation qui s’est produite durant la transmission de la dis­cussion islamo-chrétienne de la Risâla d’al-Kindï est de l’ordre du slogan. Une telle réduction ne peut jamais éclairer nos pas quand il s’agit d’évaluer deux cultures d’une ampleur telle que l’islam et le christianisme.},
	file = {Snapshot:C\:\\Users\\guill\\Zotero\\storage\\NFU2R7J5\\M.RME-EB.3.html:text/html},
}

@book{lejbowicz_les_2005,
	address = {Turnhout},
	series = {Rencontres médiévales européennes},
	title = {Les relations culturelles entre chrétiens et musulmans au {Moyen} {Age}: {Quelles} leçons en tirer de nos jours ?},
	volume = {5},
	isbn = {978-2-503-51803-9 978-2-503-53840-2},
	shorttitle = {Les relations culturelles entre chrétiens et musulmans au {Moyen} {Age}},
	url = {https://www.brepolsonline.net/doi/book/10.1484/M.RME-EB.6.09070802050003050108000309},
	language = {en},
	urldate = {2023-02-23},
	publisher = {Brepols Publishers},
	editor = {Lejbowicz, Max},
	month = jan,
	year = {2005},
	doi = {10.1484/M.RME-EB.6.09070802050003050108000309},
}
