@book{Ben62,
    title = "L'Oxydation des m\'etaux",
    author = "J. B{\'e}nard and J. Bardolle and F. Bouillon and M. Cagnet%
       and J. Moreau and G. Valensi",
    publisher = "Gauthier-Villars",
    year = "1962"
 }
 
 % ****************************************************
% livres ISLAM FRANCAIS
@book{ArkounEveillera,
    title = "Quand l’Islam s’éveillera",
    author = "Mohammed Arkoun",
    publisher = "Albin Michel",
    year = "2018"
 } 
 
@book{LoryDignite,
    title = "La Dignité de l'homme face aux anges, aux animaux et aux djinns",
    author = "Pierre Lory",
    publisher = "Albin Michel",
    year = "2018"
 }  

@book{HallaqLaw,
    title = "The
  Origins and Evolution of Islamic Law",
    author = "Wael B. Hallaq",
    publisher = "Cambridge University",
    year = "2005"
 }  

@book{Hirt:VoyageurNocturne,
    title = "Le voyageur nocturne",
    author = "Jean-Michel Hirt ",
    publisher = "Bayard, Paris",
    year = "2013"
 }  
\sn{, \emph{},
  , , .

 % ****************************************************
% livres RECHERCHE DE SCIENCES RELIGIEUSE

@book{BarAsher:JuifsCoran,
  title     = "Les juifs dans le Coran",
  author    = "Meir M. BAR-ASHER",
  year      = 2019,
  publisher = "Albin Michel",
  note      = {Préfacé par Mohammed Ali Amir-Moezzi, ce livre s'inscrit dans le sillage des études sur le contexte historique de l'islam émergeant. L'A démontre la complexité des rapports entre ces deux religions, à la fois proches et distantes (p.23) soulignant par le fait même l'interpénétration textuelle. Il présente la grande proximité d'un certain judaïsme avec la critique que le Coran opère vis-à-vis d'une faction juive, notamment le judaïsme karaïte (44). POur Bar-Asher, le judaïsme coranique est une sorte de survivance du judéo-christianisme. A ce yeux, les accusation dirigées contre les juifs sont à replacer dans une polémique antijuive préislamique, c'est à dire chrétienne (p 101). L'analyse intertextuelle montre un proximité entre les textes coraniques et les sources post-bibliques juives notammment midrashiques. Proximité et distance se poursuivent dialectiquement jusqu'à l'élaboration de la loi \textit{sharaique} qui se positionne vis à vis de la \textit{halakha} juive. S'il n'est pas en soi original, ce livre rassemble des matériaux intéressants qui méritent d'être approfondis}
}

@book{Deroche:CoranPluriel,
  title     = "Le Coran, une histoire plurielle, Essai sur la formation du texte coranique",
  author    = "François Deroche",
  year      = 2019,
  publisher = "Seuil",
  note      = { \footnotesize Erudition de l'Auteur, membre du Collège de France et spécialiste des manuscrits du Coran. Il soutient que le \textit{coran avait déjà sa forme définitive du vivant de Muhammad}. Puis il s'attaque aux sept \emph{ahruf} relatif aux sept prononciations, lectures ou variations. Une critique du livre relève du vocabulaire de nature confessant quand Déroche parle, sans aucun recul historique, de la "révélation" ou d'"inspiration" coranique. Le sconde registre se reflète par un mélange de références dans l'argumentation entre des auteurs classiques de la tradition islamique et des auteurs contemporains, choisis pour appuyer son hypothèse, écartant par le fait même les études académiques discordantes avec sa vision. Ainsi, il ne prend pas en considération le contexte syriaque dans la formation du Coran et marginalise la place du Calide 'Abd al-Malik (r. 685-705) telle que l'ont démontrée A-L de Prémare (1930-2006) et le \textit{coran des historiens}}
}

@book{Deroche:CoranPluriel,
  title     = "Le Coran, une histoire plurielle, Essai sur la formation du texte coranique",
  author    = "François Deroche",
  year      = 2019,
  publisher = "Seuil",
  note      = { \footnotesize Erudition de l'Auteur, membre du Collège de France et spécialiste des manuscrits du Coran. Il soutient que le \textit{coran avait déjà sa forme définitive du vivant de Muhammad}. Puis il s'attaque aux sept \emph{ahruf} relatif aux sept prononciations, lectures ou variations. Une critique du livre relève du vocabulaire de nature confessant quand Déroche parle, sans aucun recul historique, de la "révélation" ou d'"inspiration" coranique. Le sconde registre se reflète par un mélange de références dans l'argumentation entre des auteurs classiques de la tradition islamique et des auteurs contemporains, choisis pour appuyer son hypothèse, écartant par le fait même les études académiques discordantes avec sa vision. Ainsi, il ne prend pas en considération le contexte syriaque dans la formation du Coran et marginalise la place du Calide 'Abd al-Malik (r. 685-705) telle que l'ont démontrée A-L de Prémare (1930-2006) et le \textit{coran des historiens}}
}